3600 5534
875 476 1088 548 ...66-

381 698 596 765 transversa
626 692 776 765 exhibet
805 699 965 766 stratum
993 692 1208 766 interiorem
1241 691 1488 764 subtilissime
1521 712 1577 762 ra-

380 819 511 892 diatim
532 820 714 908 striatum,
743 821 857 894 radiis
883 821 924 893 in
943 821 1142 894 fasciculos
1169 824 1349 892 cuneatos
1376 816 1576 908 congestis.

488 947 596 1040 Ligni
625 948 834 1040 fragmenta
861 947 974 1021 merci
1008 948 1222 1021 intermixta
1260 953 1346 1020 ante
1380 966 1493 1018 usum
1524 965 1578 1017 re·

381 1080 615 1149 moveantur.

496 1201 671 1274 deletura.

760 1487 957 1598 Cortex
983 1487 1204 1605 Chinae.

496 1711 687 1785 Cbzctouoe
716 1714 861 1806 species
891 1715 1024 1801 cultae,
1057 1713 1227 1806 inprimis
1271 1711 1446 1784 Cinclouo
1473 1712 1580 1782 sruct-

383 1839 494 1911 ruhra
522 1839 685 1913 Paron.
717 1841 920 1914 Rubioceae.

490 1968 624 2040 Frusta
645 1969 853 2058 convoluta,
869 1970 941 2042 tria
960 1969 1009 2042 ad
1030 1974 1193 2062 quatuor
1212 1969 1413 2042 decimetra
1434 1973 1470 2042 et
1483 1969 1581 2040 ultra

381 2095 503 2187 longa,
530 2095 605 2167 duo
633 2094 680 2167 ad
707 2100 868 2188 quatuor
895 2097 1107 2170 millimetra
1126 2118 1264 2184 crassa,
1295 2096 1398 2184 dura,
1426 2094 1580 2187 fragilia,

381 2222 544 2294 tractura
559 2222 707 2314 aequali
723 2227 788 2295 aut
802 2223 962 2296 breviter
976 2223 1199 2311 subfibrosa,
1214 2224 1254 2296 in
1268 2225 1382 2296 latere
1398 2222 1580 2295 exteriore

381 2349 628 2442 peridennate
648 2349 751 2422 tenui
771 2351 997 2442 albo-griseo
1017 2356 1082 2423 aut
1101 2350 1430 2442 griseo-subfusco,
1451 2371 1581 2441 grosse

382 2475 699 2569 longitudinaliter
717 2498 856 2568 rugoso
868 2482 904 2551 et
913 2499 1026 2571 saepe
1037 2483 1251 2550 transverse
1267 2478 1407 2550 rimoso
1424 2477 1581 2564 obtecta,

382 2605 452 2678 sub
467 2604 715 2698 peridermate
726 2605 842 2693 fusca,
862 2606 902 2679 in
920 2607 1037 2680 latere
1056 2605 1233 2679 interiore
1245 2606 1505 2678 cinnamomea
1517 2610 1582 2677 aut

382 2732 626 2820 lusco-rubra,
655 2731 839 2806 subtiliter
868 2733 1007 2820 striata,
1045 2733 1294 2826 microscopio
1324 2732 1582 2825 dignoscenda

382 2859 484 2932 libris
503 2859 587 2932 libri
607 2861 828 2952 plerumque
848 2859 1114 2948 iusiformibus
1136 2865 1196 2934 sat
1212 2860 1399 2947 brevibus
1419 2861 1581 2953 perfecte

383 2985 600 3058 incrassatis
649 2991 685 3059 et
730 2986 923 3073 induratis,
970 2986 1145 3060 radiatim
1197 3008 1264 3079 per
1305 2986 1583 3079 endophloeum

383 3112 572 3207 dispersis,
593 3112 746 3205 Saporis
766 3118 824 3186 est
844 3113 963 3186 amari
983 3119 1020 3187 et
1039 3112 1317 3206 adstringentis.

490 3237 619 3312 Pulvis
659 3239 805 3312 corticis
844 3260 864 3312 e
901 3241 1172 3328 rubro-fuscus
1219 3240 1258 3312 in
1295 3243 1426 3315 tubulo
1465 3242 1580 3314 vitreo

384 3366 637 3456 candefactus7
662 3366 783 3458 picem
801 3366 982 3458 liquidam
997 3367 1152 3458 pulchre
1172 3368 1388 3440 coccineam
1407 3373 1444 3442 et
1463 3373 1580 3442 tenta·

383 3493 475 3566 mini
508 3492 679 3585 sequenti
713 3493 881 3567 chemioo
919 3493 1121 3583 subjectus,
1158 3494 1308 3566 basium
1344 3495 1581 3586 propriarum

383 3642 461 3694 non
485 3622 611 3694 minus
639 3642 753 3713 quam
777 3621 816 3693 in
836 3626 985 3694 centum
1015 3621 1184 3714 partibus
1217 3628 1293 3695 tres
1327 3628 1364 3694 et
1388 3621 1583 3695 dimidiam

384 3749 572 3840 praebeat.

494 3875 713 3950 Grammata
726 3875 855 3966 viginti
872 3874 1027 3948 Corticis
1043 3875 1186 3949 Chinae
1196 3876 1382 3969 pulverati
1396 3876 1436 3948 in
1451 3898 1581 3950 cucur-

383 4005 462 4078 bita
508 4004 587 4077 noti
630 4002 807 4095 ponderis
845 4003 1075 4076 misceantur
1121 4025 1208 4076 cum
1246 4003 1377 4095 viginti
1422 4011 1585 4097 quatuor

385 4134 564 4227 grammis
603 4132 707 4205 calcii
746 4130 1020 4223 hydrooxydati
1057 4136 1226 4205 recenter
1262 4132 1384 4225 parati
1423 4139 1462 4207 et
1498 4153 1584 4205 cum

385 4260 562 4352 grammis
583 4258 866 4350 quadringentis
887 4258 1040 4350 spiritus
1055 4257 1132 4332 vini
1153 4259 1391 4333 concentrati.
1411 4259 1584 4334 Pondere

384 4387 597 4461 cucurbitae
626 4407 704 4458 una
723 4405 853 4458 eorum
875 4407 971 4476 quae
996 4386 1127 4459 insunt
1155 4385 1295 4459 trutina
1314 4386 1528 4460 examinato
1550 4393 1587 4461 et

384 4519 524 4602 notato
545 4512 737 4586 cucurbita
756 4533 842 4584 cum
862 4516 1046 4604 apparatu
1064 4513 1335 4604 refrigeratorio
1352 4517 1436 4607 apte
1451 4513 1585 4607 juncta

386 4647 594 4748 exponatur
632 4640 754 4722 calore
792 4641 927 4719 balneo
966 4639 1116 4740 vaporis
1154 4662 1221 4740 per
1258 4639 1392 4718 boram
1429 4641 1584 4742 saepius
