3600 5534
857 561 1098 635 -256-

652 903 883 1047 Spiritus
910 903 1032 1012 Vini
1058 902 1291 1046 Cognac.

482 1146 510 1217 Ε
530 1146 617 1218 vino
636 1146 882 1219 destillatione
897 1151 1050 1238 paratus
1071 1146 1119 1218 sit
1133 1145 1320 1239 limpiduS,
1332 1147 1466 1219 coloris
1486 1146 1571 1218 tlavi

373 1278 438 1345 aut
471 1294 490 1345 e
524 1274 621 1345 llavo
651 1273 755 1361 susci,
790 1272 915 1347 odoris
950 1277 986 1345 et
1019 1273 1164 1366 saporis
1199 1272 1338 1361 suavia,
1372 1273 1572 1366 spirituosi,

372 1407 512 1488 neuter,
531 1400 710 1493 ponderis
731 1400 893 1493 specifici
914 1400 1220 1473 oona-oona

482 1529 535 1602 Sit
564 1528 611 1601 ab
631 1527 799 1601 aloohole
829 1526 987 1619 amylico
1006 1528 1117 1619 plane
1136 1528 1228 1601 liber
1256 1532 1294 1600 et
1318 1527 1506 1601 contineat
1533 1527 1572 1599 in

373 1662 522 1729 centum
558 1655 735 1748 ponderis
768 1653 938 1745 partibus
972 1655 1219 1747 quadraginta
1252 1654 1417 1746 quinque
1450 1675 1571 1745 usque

346 1782 348 1787 ’
374 1784 643 1875 quinquaginta
661 1782 838 1875 ponderis
858 1786 984 1873 partes
1004 1782 1199 1855 alcoholis.

488 1909 616 1982 Vinum
641 1908 781 1981 Cdiuoe.

373 2361 727 2473 Stdbtcrm
750 2362 1571 2475 narro-rurmrrcum.

459 2588 625 2666 Kalium
653 2589 1041 2668 stibio-tartaricum.
1065 2590 1258 2667 Tartarus
1282 2590 1492 2669 emetioua

764 2735 957 2813 Tartarus
980 2734 1179 2813 sublatus.

483 2946 656 3039 Crystalli
690 2947 941 3039 tetraedricae,
969 2949 1085 3040 albae,
1106 2956 1192 3021 aere
1227 2949 1462 3038 fatiscentes,
1493 2949 1572 3021 sire

373 3074 496 3165 pulvis
522 3072 749 3166 albissimUS,
769 3075 914 3167 saporis
934 3075 1097 3167 primum
1115 3076 1245 3167 dulcis,
1267 3075 1352 3148 dein
1382 3074 1571 3165 inritantia,

374 3200 559 3292 metallici,
578 3200 616 3272 in
636 3223 744 3293 aqua,
765 3202 945 3294 imprimis
966 3202 1107 3274 fervida
1124 3202 1230 3275 facile
1251 3203 1432 3276 solubilis,

485 3328 626 3402 Solutio
647 3328 1015 3421 aquosa,1·eactionis
1035 3330 1164 3402 leviter
1181 3330 1319 3422 acidae,
1342 3353 1440 3421 aqua
1460 3329 1572 3402 calcis

376 3456 788 3548 sedimentumpraehet
803 3456 940 3549 album,
955 3458 993 3529 in
1008 3457 1114 3529 acido
1130 3456 1269 3529 acetico
1285 3456 1391 3530 facile
1406 3456 1573 3542 solubile,

375 3583 481 3655 acido
507 3582 791 3675 lrydrochlorico
812 3584 996 3656 acidulata
1025 3606 1123 3675 aqua
1148 3584 1451 3677 hydrosulfurata
1469 3603 1574 3675 prae·

374 3711 565 3803 ciuitatum
604 3711 873 3802 aurantiacum,
913 3711 1100 3782 ammonio
1140 3710 1337 3783 carbonico
1373 3708 1572 3783 insolubile

376 3838 544 3911 demittit.

485 3965 590 4038 Stibii
614 3962 895 4037 Rullo-tartaria
921 3986 1089 4056 gramma
1117 3962 1310 4037 dimidium
1338 3964 1377 4036 in
1396 3964 1574 4055 grammis

375 4094 504 4166 decem
542 4092 637 4165 acidi
663 4090 939 4185 hydrochlorici
968 4091 1194 4164 concentrati
1223 4091 1401 4181 solutum,
1438 4090 1575 4163 additis

374 4220 487 4312 guttis
517 4220 658 4311 aliquot
695 4240 814 4311 aquae
844 4217 1169 4309 hydrosulsuratae
1207 4223 1374 4292 recenter
1411 4224 1575 4311 paratae,

375 4366 465 4421 vase
502 4351 601 4420 tecto
639 4348 722 4420 loco
759 4345 884 4438 tepido
924 4344 1142 4437 sepositum,
1189 4366 1258 4419 nec
1294 4346 1576 4439 praecipitatum

374 4474 516 4548 luteum
554 4474 710 4547 arueuici
748 4473 919 4546 sulfurati
958 4472 1132 4565 deponat,
1165 4493 1233 4545 nec
1262 4471 1376 4564 hujus
1409 4473 1577 4566 vestigiis

376 4604 498 4675 colore
518 4603 617 4674 ssavo
637 4602 832 4674 inficiatur.

494 4728 620 4801 Vinum
650 4728 757 4802 Scito
776 4724 1076 4821 Koile-turturini,
1141 4792 1153 4814 ,
