3600 5534
856 543 1092 615 -116-

373 761 595 833 distantibus
625 761 662 832 in
691 761 892 851 segmentis
922 760 1045 832 nervis
1065 760 1298 833 secundariis
1319 761 1479 834 uerrutis
1506 762 1567 834 de-

371 887 589 974 terminatis
609 910 769 980 superne
799 890 958 960 obscure
987 887 1129 977 viridia,
1158 889 1411 981 pubescentia,
1434 889 1569 961 subtus

372 1021 538 1088 tomento
573 983 795 1107 albo-griseo
830 1016 996 1104 oblecta,
1031 1015 1158 1088 odoris
1194 1015 1392 1107 peculiaris
1426 1015 1568 1103 debilis.

292 1231 294 1236 ,
373 1143 519 1235 saporis
540 1136 657 1214 amari
676 1144 865 1216 nauseosi.

330 1359 334 1374 Ι
480 1269 695 1361 Colligenda
715 1292 734 1341 e
753 1271 884 1362 planta
902 1271 1123 1357 florescenti,
1150 1271 1282 1342 sedulo
1302 1271 1481 1343 siccanda
1500 1292 1570 1342 nec

372 1398 469 1470 ultra
488 1418 628 1469 annum
649 1397 687 1468 in
707 1419 796 1470 vase
816 1398 910 1469 bene
931 1399 1059 1470 clauso
1081 1404 1188 1470 caute
1208 1399 1404 1470 servanda.

483 1523 516 1596 T
512 1523 660 1596 inclara.

560 1794 806 1907 Folia
843 1796 1383 1932 Hnosonaml.

480 1997 718 2093 Hposcpomus
739 1998 838 2093 niger
855 1998 995 2086 Lino„
1016 1998 1146 2090 planta
1164 2015 1301 2071 annua¹
1314 2006 1351 2071 et
1364 1999 1512 2071 biennis
1527 1999 1567 2069 in

369 2123 554 2197 cuderetis
576 2125 695 2197 obvia.
717 2123 931 2197 Solonaceae.

477 2251 581 2323 Folia
599 2252 784 2340 basilaria,
803 2251 843 2324 in
862 2253 1043 2344 petiolum
1062 2258 1265 2341 attenuata,
1286 2275 1408 2346 usque
1429 2253 1478 2326 ad
1498 2253 1569 2326 tria

370 2380 569 2451 decimetra
601 2379 724 2471 longa,
755 2379 1047 2471 oblongo-ovata
1075 2382 1134 2454 vel
1163 2381 1334 2471 oblonga,
1366 2387 1477 2453 acuta
1505 2386 1571 2453 aut

370 2507 592 2596 acuminata,
627 2507 711 2598 plus
741 2508 912 2579 minusve
945 2507 1131 2599 profunde
1159 2509 1477 2581 sinuato-dentata
1506 2513 1571 2580 aut

369 2633 598 2725 pinnatilida,
627 2634 775 2706 caulina
803 2634 1388 2726 serni-arnplexicaulisessilia,
1414 2636 1569 2723 minora,

370 2767 491 2845 ovata,
524 2782 654 2850 grosse
690 2761 748 2833 vel
780 2762 1112 2851 sinuato-dentata,
1147 2763 1274 2834 omnia
1302 2768 1404 2835 tactu
1432 2762 1568 2848 mollia,

368 2888 668 2976 risorio-villosa,
685 2889 844 2962 obscure
862 2890 1005 2979 viridia,
1021 2890 1146 2962 odoris
1161 2890 1359 2980 peculiaris
1374 2890 1564 2976 muscosi,

370 3015 558 3104 narcotict
580 3015 727 3108 saporis
748 3017 763 3087 l
785 3017 849 3104 tui,
872 3017 1321 3090 amariusculo-subacris

477 3141 735 3214 Exsiccatione
760 3144 869 3215 valde
894 3144 1099 3229 tabescunt,
1125 3146 1285 3236 perfecte
1312 3145 1451 3218 siccata
1480 3148 1569 3216 sunt

368 3269 684 3359 corrugatissima,
725 3269 1010 3360 glaucescentia‚
1044 3272 1167 3344 nervis
1201 3272 1345 3359 albidis,
1377 3277 1414 3344 et
1441 3271 1567 3344 odoris

368 3399 404 3466 et
424 3396 570 3488 saporis
591 3395 722 3487 exigui.

480 3521 697 3613 Colligenda
718 3546 737 3594 e
756 3524 887 3616 planta
907 3531 1117 3616 spontanea
1132 3529 1350 3600 florescente
1372 3533 1409 3600 et
1427 3528 1569 3599 siccata

373 3654 518 3724 invase
538 3653 633 3724 bene
653 3654 782 3726 clauso
803 3660 911 3728 caule
930 3676 1000 3727 nec
1019 3655 1116 3726 ultra
1137 3676 1279 3727 annum
1298 3655 1494 3727 servanda.

478 3777 693 3852 Erlraclum.
722 3780 851 3852 Oleum.

755 4100 908 4210 {lolia
932 4103 1164 4213 Mulvae.

473 4323 591 4396 Malim
626 4326 779 4421 urrlporis
814 4325 938 4399 Fries
980 4334 1016 4401 et
1054 4327 1176 4401 Malva
1208 4330 1382 4401 silvosi-ris
1420 4329 1561 4418 Lino,

364 4451 517 4544 plantae
537 4452 734 4544 indigenae
755 4453 940 4546 vulgares.
961 4455 1164 4528 Molvoceue.

475 4579 578 4651 Folia
612 4579 828 4670 longissime
856 4583 1044 4674 petiolata
1070 4585 1469 4657 cordato-orbicularia
1503 4590 1568 4658 aut

363 4706 590 4795 renilorrnia,
612 4712 772 4797 quatuor
792 4710 840 4780 ad
860 4710 989 4781 decern
1010 4711 1232 4785 centimetru
1250 4713 1336 4800 lata,
1366 4713 1568 4785 sublobata
