3600 5534
702 585 938 654 -llf-

212 803 421 894 perpusillis
451 802 594 890 albidis,
626 803 863 875 solummodo
898 805 968 876 sul)
1003 804 1100 876 lente
1129 805 1241 896 plane
1272 806 1412 878 ‹lestin-

211 929 378 1019 guenrlis,
400 951 614 1022 conspersa,
636 930 781 1021 saporis
802 931 1053 1017 arnariuseuli‚
1074 933 1254 1020 suliaqris.

322 1056 428 1130 Folia
447 1078 467 1130 e
487 1056 616 1150 planta
631 1058 792 1130 florifera
816 1058 1064 1151 decerpenda,
1085 1060 1156 1132 eito
1179 1061 1358 1133 sieeanda
1378 1070 1412 1133 et

212 1185 248 1255 in
259 1205 349 1257 vase
364 1185 458 1258 bene
474 1187 602 1257 clauso
620 1190 727 1257 caute
739 1185 944 1272 servanda
964 1187 1167 1280 quotannis
1182 1189 1410 1260 renovanda.

323 1309 535 1386 Extrorlum.
560 1311 735 1384 Tinctum.

646 1780 796 1890 rura
822 1781 976 1890 (loeo.

318 2022 577 2119 llrptlnnrylou
602 2024 692 2096 Cora
711 2025 935 2112 Lanrarok,
946 2025 1065 2099 frutex
1078 2032 1211 2117 sponte
1233 2049 1409 2098 ereseens

211 2156 246 2220 el
267 2152 389 2222 cultus
411 2153 447 2222 in
466 2151 625 2224 Peruvia
644 2158 680 2224 et
700 2152 851 2223 Bolivia.
873 2151 1210 2248 Erpllrroaallaeeaa

322 2278 424 2350 llolia
443 2281 582 2352 siccata
600 2280 787 2371 petiolala,
816 2281 949 2370 ovalia,
979 2281 1140 2353 eborata
1160 2281 1218 2353 vel
1238 2280 1410 2371 oblonga,

211 2405 374 2497 quinque
394 2408 442 2477 ad
458 2429 523 2480 sex
540 2408 754 2480 centimetra
774 2407 896 2499 longa,
914 2413 1144 2496 mucronata,
1160 2407 1409 2498 integerrima,

210 2533 345 2621 tenuia,
357 2532 487 2624 rigida,
501 2535 653 2624 fragilia,
665 2556 827 2627 superne
839 2535 988 2606 sordide
1003 2535 1146 2621 viridia,
1159 2536 1292 2606 subtus
1304 2535 1408 2626 palli-

210 2659 324 2747 diora,
335 2660 515 2752 pruiuosa
526 2669 562 2733 et
577 2662 683 2752 plura
698 2661 880 2734 instructa
892 2663 1038 2736 duabus
1055 2661 1293 2754 epidermidis
1304 2661 1410 2753 pliois

210 2786 423 2876 linearibus),
449 2793 573 2860 tantos
604 2810 743 2861 nervos
769 2789 943 2861 laterales
973 2797 1146 2862 arcuatos
1180 2789 1410 2860 imitantibus

209 2936 438 3008 nervumque
458 2917 675 3008 primarium
695 2917 818 2988 abasi
840 2939 959 3009 usque
979 2918 1018 2989 in
1037 2917 1113 2989 lolii
1134 2916 1277 3009 apicem
1298 2903 1409 2987 eomi-

209 3043 388 3132 tantihUS‚
423 3044 549 3117 odoris
580 3043 709 3117 debilis
740 3044 942 3134 aromatici,
973 3045 1118 3135 saporis
1140 3045 1409 3116 amariuseulo-

209 3170 389 3244 subaeris.

451 3642 694 3754 Bolia
734 3642 1162 3778 mquam.

316 3879 487 3973 Dipitnlis
501 3904 680 3975 purpureo
695 3882 830 3970 Linn.‚
846 3884 975 3975 planta
990 3883 1146 3968 biennis,
1163 3883 1201 3952 in
1217 3881 1405 3953 montibus

207 4009 339 4099 apricis
359 4008 529 4100 Europae
551 4010 789 4082 occidentalis
806 4016 939 4102 sponte
955 4032 1139 4096 crescens
1161 4009 1261 4100 apud
1278 4029 1346 4078 nos
1367 4008 1405 4079 in

206 4135 322 4208 hortis
342 4135 640 4227 frequentissime
661 4138 770 4209 culta.
793 4135 1130 4230 Scroplralnriareoe.

313 4261 416 4333 Folia
435 4267 547 4334 ovata
575 4263 633 4335 vel
662 4266 983 4354 ovato-oblonga,
1012 4263 1140 4335 infima
1169 4261 1205 4331 in
1225 4260 1404 4352 petiolum

204 4388 358 4480 longum
378 4389 519 4461 alatum
535 4390 777 4478 deeunenlia,
799 4413 920 4482 nsque
934 4391 981 4462 ad
993 4389 1192 4462 decimetra
1202 4389 1270 4460 tria
1280 4386 1403 4477 longa,

206 4517 400 4607 superiora
414 4517 571 4606 minora,
583 4519 742 4590 breviter
755 4519 932 4611 petiolata
947 4523 1012 4590 aut
1026 4517 1185 4605 sessula,
1207 4514 1332 4586 omnia
1351 4513 1403 4585 in-

206 4644 408 4736 aequaliter
446 4649 511 4715 aut
549 4645 990 4738 subduplieato-crenata,
1019 4645 1403 4729 reticulato-venosa,

205 4793 354 4863 rugosa,
375 4771 499 4844 nervis
519 4772 691 4844 tertiariis
712 4795 827 4866 prope
852 4773 1005 4865 paribus
1025 4771 1227 4845 intervallis
1247 4770 1344 4842 inter
1363 4791 1403 4840 se

1151 4909 1185 4960 a*
