3600 5534
871 548 1082 620 „38-

381 765 534 838 extracti
549 764 673 838 tenuis
686 764 967 837 consistentiam
982 764 1207 858 inspissetur
1215 770 1251 839 et
1260 765 1398 858 liquori
1412 766 1575 859 primum

381 891 531 966 defluxo
551 891 811 966 admisceatur.

491 1017 779 1112 Spissitudinem
796 1021 897 1111 quod
913 1020 1043 1093 attinet
1053 1026 1314 1108 extractorum,
1327 1024 1487 1113 quatuor
1496 1042 1577 1112 gra·

383 1149 453 1220 dus
475 1146 767 1240 distinquuntur.
794 1147 969 1219 Extracta
987 1151 1090 1220 sunt:

491 1270 604 1350 fluide
623 1273 701 1346 sive
721 1273 861 1366 liquida
888 1303 935 1337 =
962 1274 1147 1349 densitate
1166 1252 1350 1349 tincturae
1370 1275 1577 1366 spissioris,

491 1398 616 1478 tenuia
639 1431 686 1466 =
710 1401 894 1476 densitate
914 1405 1037 1476 mellis
1057 1402 1242 1490 recentis;
1261 1402 1492 1493 metlagines,

493 1528 611 1629 spissa
632 1557 680 1594 =
704 1549 800 1621 quae
821 1529 1037 1621 refrigerata
1056 1530 1196 1603 effundi
1215 1532 1417 1622 nequeunt,

492 1656 588 1734 sicea
612 1685 659 1722 =
681 1656 720 1728 in
738 1656 930 1749 pulverem
947 1658 1162 1750 redigenda.

491 1784 552 1858 Ad
573 1783 716 1857 siccum
734 1783 952 1876 rediguntur
971 1788 1148 1874 extracta,
1171 1786 1201 1858 si
1229 1785 1277 1856 ad
1297 1784 1583 1857 consistentiam

385 1913 598 2006 spissorum
629 1916 839 2004 evaporata,
875 1932 990 2005 super
1016 1912 1163 2005 patinas
1195 1911 1453 2003 porcellaneas
1477 1910 1581 1984 tenui

385 2045 504 2114 strato
523 2059 702 2132 expansa,
723 2039 761 2110 in
779 2039 889 2112 furno
911 2039 1108 2113 siccatorio
1123 2027 1395 2131 temperaturae
1412 2040 1486 2111 400
1504 2059 1581 2111 non

385 2167 577 2241 excedenti
599 2171 846 2259 exponuntur.

494 2293 670 2368 Extracta
688 2293 742 2368 sie
762 2295 861 2368 dicta
879 2293 1115 2368 narcotiea
1135 2293 1281 2365 suntin
1301 2313 1437 2382 genere
1457 2294 1584 2386 spissa

387 2422 585 2498 servanda.
620 2421 670 2496 Ut
702 2443 790 2496 vero
816 2426 989 2515 prompte
1013 2421 1197 2494 informa
1224 2421 1389 2513 pulveris
1420 2421 1583 2514 expediri

388 2555 537 2643 queant,
564 2569 691 2622 eorum
710 2570 799 2642 pars
823 2571 911 2638 una,
943 2570 1028 2622 cum
1049 2549 1194 2641 aequali
1220 2549 1385 2640 pondere
1406 2549 1583 2621 Sacchari

388 2677 512 2750 Laetis
523 2676 703 2770 pulverati
721 2677 847 2750 intime
863 2678 989 2765 mixta,
1010 2677 1083 2750 leui
1098 2677 1220 2750 calore
1240 2677 1413 2750 siccetur.
1431 2676 1584 2750 Pondus

389 2804 638 2878 exsiccatione
672 2803 903 2896 deperditum
938 2803 1064 2876 addito
1099 2803 1288 2877 Saccharo
1315 2803 1443 2878 Lactis
1483 2805 1583 2877 resti·

388 2935 525 3008 tuatur.

500 3059 693 3152 Ejusmodi
709 3060 860 3134 extracti
876 3061 1066 3155 quantitas
1080 3060 1196 3153 duplo
1207 3059 1329 3150 maJ‘or
1340 3060 1584 3153 dispensetur,

392 3209 506 3283 quam
537 3207 633 3282 quae
663 3208 687 3261 6
714 3188 859 3262 medico
888 3189 1009 3262 forma
1034 3187 1188 3259 extracti
1217 3187 1329 3278 spissi
1356 3187 1587 3280 praescripta

391 3317 510 3392 tuerit.

500 3443 674 3518 Extracta
693 3443 768 3516 sint
785 3443 913 3518 odoris
934 3448 972 3516 et
990 3442 1138 3537 saporis
1158 3441 1355 3534 peculiaris
1371 3443 1583 3516 medicami-

392 3591 495 3651 num.
533 3593 552 3644 e
591 3571 728 3665 quibus
758 3578 949 3665 parantur,
997 3591 1240 3664 empyreuma
1285 3591 1332 3642 ne
1379 3568 1583 3657 redoleant,

394 3697 552 3774 metallis
570 3699 740 3792 inprimis
761 3720 876 3792 cupro
896 3720 945 3772 ne
965 3699 1041 3771 sint
1060 3699 1265 3790 inquinata.

503 3825 696 3900 Mucedine
717 3831 893 3920 corrupta
909 3826 1136 3918 rejiciantur.

505 3951 707 4027 Serventur
725 3953 764 4028 iu
783 3955 884 4028 vasis
902 3953 999 4028 bene
1019 3953 1139 4043 166116,
1159 3955 1242 4026 1666
1261 3952 1393 4044 frigido
1411 3953 1520 4025 sicco.

398 4373 901 4486 Eumenem
910 4370 1231 4484 Aeonem
1246 4368 1588 4484 radiata.

398 4597 499 4690 Rpe:
533 4591 676 4672 1611616
695 4593 835 4672 tento
856 4592 1068 4694 ”iteratae

938 4717 1343 4818 prouttrutta‘qttt'nprntu
1511 4720 1588 4792 500
