3600 5534
674 546 916 620 -223—

197 762 465 854 longitudinem
483 785 634 857 rugosa,
654 766 813 839 obscure
833 766 940 839 frisca
965 766 1173 857 gibbosum,
1204 787 1392 859 asperum,

198 890 365 981 rigidum,
391 891 537 979 durum,
562 892 601 964 in
632 893 795 966 fractura
824 892 1045 985 subaequali
1070 914 1207 966 cornea
1237 894 1392 985 pulchre

199 1019 348 1107 flavum,
373 1012 419 1092 'in
447 1020 612 1092 sectione
638 1026 856 1093 transversa
875 1020 1012 1094 circulo
1042 1042 1061 1092 e
1089 1022 1279 1094 nonnullis
1307 1022 1394 1114 ligni

198 1147 394 1239 fasciculis
427 1146 647 1241 plerumque
681 1149 983 1239 cuneiformibuS,
1018 1132 1198 1241 angustis,
1231 1150 1394 1237 remotis

198 1276 341 1369 passim
359 1297 448 1348 vero
468 1278 746 1369 approximatis
771 1277 931 1350 obscure
951 1277 1076 1368 luscis,
1103 1277 1197 1349 inter
1221 1279 1395 1350 corticem

200 1404 491 1476 crassiusculum
538 1410 575 1477 et
617 1404 822 1477 medullam
858 1405 1117 1477 orbicularem.
1152 1394 1308 1498 Saporis
1339 1408 1396 1476 est

200 1534 536 1621 nauseoso-amari,
551 1532 784 1606 masticando
804 1533 962 1606 salivam
978 1534 1101 1605 colore
1117 1532 1215 1605 flavo
1234 1533 1393 1625 tingens.

238 1715 251 1743 2
309 1676 519 1750 Extrocium
535 1676 700 1774 fluidum.

300 2113 597 2226 Radia>
633 2115 1308 2250 lpeoaeoannae.

316 2368 496 2465 Ceplrodlis
515 2370 754 2466 lpecocuooha
773 2370 1048 2460 Willdenow‚
1068 2373 1197 2464 planta
1211 2372 1396 2464 perennis,

201 2498 238 2570 in
258 2498 360 2571 silvis
381 2498 545 2571 humidis
563 2497 742 2571 Brasiliae
762 2504 984 2591 spontanea.
1009 2498 1212 2571 Bubioccoc.

311 2642 525 2735 Radicese
559 2643 764 2716 rhizomate
793 2644 895 2716 tenui
925 2643 1070 2717 nodoso
1099 2649 1252 2737 repente
1281 2649 1395 2733 ortae,

202 2771 370 2862 siccatae,
389 2772 567 2863 integrae,
599 2772 804 2861 flexuosae,
833 2771 881 2844 ad
902 2773 1152 2845 extremitates
1173 2776 1397 2863 attenuatae,

200 2900 418 2991 plerumque
457 2902 586 2972 autem
623 2899 662 2971 in
698 2898 929 2990 fragmentis,
968 2900 1094 2990 quoad
1128 2900 1400 2991 longitudinem

201 3025 471 3117 inaequalibus
501 3030 661 3118 quatuor
690 3025 739 3097 ad
765 3026 930 3119 quinque
958 3026 1167 3099 millimeira
1194 3026 1342 3119 crassis,
1361 3027 1399 3099 in

201 3153 395 3245 superficie
424 3152 787 3242 annulata-nodosis
827 3153 937 3225 nodis
973 3156 1240 3246 approximatis
1270 3158 1307 3227 et
1333 3176 1399 3247 per

200 3280 467 3373 longitudinem
492 3281 645 3353 delicate
666 3281 816 3369 striatis
842 3281 979 3354 coloris
1007 3282 1227 3374 plerumque
1257 3282 1394 3373 griseo·

200 3409 302 3496 susci,
318 3429 431 3500 saepe
441 3407 786 3499 nigrescentifusci,
796 3410 930 3483 cortice
946 3430 1086 3499 crasso,
1097 3409 1226 3501 fragili,
1237 3411 1400 3483 fractura

202 3537 419 3623 subcomea,
434 3536 604 3608 facillime
620 3536 818 3627 separabili
833 3558 855 3607 a
868 3536 968 3627 ligno
982 3540 1107 3628 terete,
1127 3538 1259 3625 tenaci,
1274 3536 1399 3609 odoris

202 3664 342 3755 debilis
361 3663 509 3750 mucidi,
529 3661 676 3755 saporis
696 3663 883 3754 nauseosi,
905 3663 1022 3736 amari
1041 3667 1078 3736 et
1097 3664 1278 3737 subacris.

305 3808 349 3882 In
364 3809 529 3881 sectione
543 3812 762 3881 transversa
781 3814 938 3902 apparet
957 3814 1082 3882 cortex
1098 3809 1398 3901 abido-griseus,

201 3935 391 4010 latitudine
420 3956 588 4028 aequans
618 3939 683 4009 aut
710 3956 896 4028 superans
926 3937 1067 4028 lignum
1098 3936 1259 4009 centrale
1294 3958 1394 4009 com·

201 4069 359 4156 pactum,
375 4064 666 4152 subflavescens
686 4064 787 4136 haud
806 4064 1001 4137 manifeste
1020 4063 1192 4136 radiatim
1207 4063 1396 4152 lineatum,

204 4191 442 4264 subtilissime
456 4211 648 4283 porosum.
669 4191 747 4263 Sub
767 4192 1014 4283 microscopio
1033 4190 1109 4264 tela
1129 4192 1273 4264 corticis
1290 4191 1396 4283 ligni·

203 4339 272 4409 que
310 4322 460 4391 scatens
499 4319 623 4409 amylo
659 4320 867 4411 composito
906 4324 942 4392 et
978 4306 1203 4392 numerosae
1243 4319 1399 4391 cellulae

202 4445 418 4539 raphidibus
438 4446 543 4518 calcii
562 4445 692 4518 oxalioi
709 4448 874 4540 repletae
894 4447 1153 4520 observantur.

311 4590 490 4664 Tinctura.
530 4590 701 4692 Syrupus.
743 4592 928 4667 Troclea.
974 4592 1097 4667 Pulvis
1139 4590 1402 4691 lpecuuconlrae

203 4718 350 4821 apicius.
