3600 5534
716 552 957 626 -t51-

369 769 513 848 noum
534 766 703 848 lerbosol

440 958 456 989 „
529 897 664 977 lullae

440 1086 455 1117 ‚‚
529 1023 721 1106 lllrocmlos

370 1154 521 1232 Fructus
540 1153 639 1231 Arioi
658 1149 796 1232 stellati
852 1151 900 1227 (ῖα
920 1160 1123 1251 qrammoto
1143 1156 1304 1252 quinque.
1409 1158 1431 1229 5

344 1282 505 1357 Concisa
524 1285 561 1356 et
579 1288 739 1357 contusa
756 1281 995 1359 misceantur.

705 1736 954 1881 Spiritus.

342 1961 401 2037 Ad
429 1961 618 2055 parandos
639 1959 797 2055 Spiritus
828 1960 1036 2035 destillatos
1064 1960 1316 2050 medicinales
1345 1964 1432 2036 suh-

236 2090 395 2163 stantiae
428 2090 466 2162 in
502 2110 636 2182 genere
670 2089 843 2163 concisae
877 2088 937 2161 vel
966 2094 1146 2162 contusae
1175 2090 1433 2182 adhibeantur,

236 2238 330 2311 quae
358 2223 445 2291 ante
480 2217 769 2290 destillationem
802 2238 885 2289 cum
915 2218 1144 2311 praescripta
1172 2216 1325 2310 spin'tus
1357 2218 1434 2290 vini

235 2344 442 2437 quantitate
461 2365 528 2436 per
546 2344 744 2416 duodecim
758 2344 873 2417 horas
889 2350 1138 2433 maceremus
1154 2343 1353 2417 destillatio
1368 2346 1434 2419 fiat

234 2471 315 2564 lege
335 2470 426 2545 artis
446 2469 485 2543 in
503 2470 637 2543 balneo
658 2471 819 2563 vaporis.

342 2617 502 2712 Spiritus
523 2617 699 2690 destillati
717 2618 959 2692 medicinales
983 2619 1060 2692 sint
1085 2619 1212 2692 odoris
1231 2625 1269 2693 et
1287 2620 1433 2713 saporis

233 2744 394 2839 partium
417 2744 620 2817 volatilium
647 2752 683 2818 et
708 2746 747 2819 in
767 2746 900 2839 spiritu
918 2746 996 2819 viui
1016 2746 1231 2821 solubilium
1269 2749 1432 2822 medica·

233 2874 398 2964 minium,
420 2896 440 2946 e
461 2874 597 2966 quibus
616 2880 804 2966 parantur.

341 3020 541 3093 Serventur
559 3020 599 3094 in
618 3021 761 3112 lagenis
782 3021 920 3114 optime
941 3020 1091 3110 clausis
1111 3022 1194 3095 loco
1215 3022 1377 3095 obscuro
1397 3028 1434 3096 et

232 3148 375 3242 frigido.

573 3600 805 3746 Spiritus
830 3601 1093 3720 lictlreris.

622 3830 775 3935 Liquor
791 3832 1041 3912 Hoffmanni.

233 4027 334 4122 Rpe:
368 4023 534 4105 lothorio
587 4034 791 4125 mummolo
810 4029 936 4125 viyiuti
955 4029 1106 4123 quinque
1380 4030 1430 4101 Sl)

370 4172 530 4279 Spiritus
550 4172 628 4253 llil
648 4174 872 4253 conseruat
945 4180 1149 4271 qr‘ornmato
1167 4181 1303 4270 cortuc-

1038 4303 1141 4399 9iula
1161 4303 1323 4399 quinque.
1381 4304 1401 4374 7
1408 4305 1431 4375 5

342 4449 458 4524 Misce
477 4455 514 4523 et
532 4449 571 4523 in
590 4450 726 4543 lagena
744 4451 840 4524 bene
861 4450 992 4525 clausa
1010 4470 1130 4524 serva.

344 4598 399 4671 Sit
416 4596 556 4689 Liquor
574 4596 763 4691 limpidus
781 4598 962 4691 ponderis
982 4619 1081 4693 spec.
1101 4597 1231 4671 0820.

342 4744 502 4843 Spiritus
520 4744 625 4817 Γεννὶ
642 4743 906 4842 sesquiclrloluli
924 4744 1107 4817 aethereus.
