3600 5534
369 1525 644 1656 Normae
677 1537 738 1658 el
770 1529 1027 1698 regulae
1059 1529 1409 1698 generales.

784 1899 1002 1912 ——-

847 2149 882 2239 s.
908 2148 941 2220 1.

402 2310 647 2384 Medicamina
669 2311 707 2382 in
726 2310 1069 2405 pharmacopoeam
1083 2314 1232 2404 recepta
1256 2311 1293 2383 in
1313 2309 1488 2384 omnibus

292 2438 607 2530 pharmacopoliis
647 2461 692 2510 ea
729 2437 851 2510 indole
890 2445 1043 2532 praesto
1082 2461 1170 2512 esse
1208 2444 1246 2510 et
1282 2438 1490 2532 dispensari

294 2541 440 2652 debent,
472 2588 548 2657 qua
571 2567 712 2638 normis
741 2566 779 2639 in
799 2566 1102 2660 pharmacopoea
1131 2567 1310 2661 expositis
1338 2565 1488 2659 penitus

292 2693 533 2786 respondent.

398 2819 545 2913 Imperii
583 2821 837 2912 gubernacula
883 2821 921 2893 in
966 2823 1091 2914 regnis
1128 2826 1241 2914 alque
1287 2819 1488 2914 provinciis

292 2947 521 3020 Tenenlibus
558 2948 722 3021 delatum
753 2952 822 3036 est,
859 2949 1003 3022 ratione
1032 2949 1160 3022 habita
1187 2949 1422 3022 restrictionis
1451 2949 1490 3020 in

291 3075 606 3168 pharmacopoliis
626 3076 814 3150 ruralibus
834 3075 1056 3166 commercii,
1077 3098 1123 3148 ex
1142 3076 1298 3150 elencho
1311 3076 1486 3167 pharma-

293 3225 454 3296 copoeae
464 3204 623 3277 iudicem
639 3203 925 3278 medicaminum
940 3205 990 3276 ibi
1005 3204 1243 3278 usitatiorum
1254 3223 1486 3296 componere,

292 3354 389 3424 quae
408 3333 446 3405 in
466 3333 649 3424 ejusmodi
674 3333 988 3426 pharmacopoliis
1009 3335 1110 3407 omui
1139 3340 1306 3426 tempore
1334 3336 1486 3426 praesto

293 3483 374 3535 esse
396 3461 544 3534 debent.

845 3673 880 3776 a.
904 3678 939 3751 a.

400 3841 638 3935 Praeparata,
674 3863 834 3934 quorum
867 3842 1028 3915 formula
1055 3843 1212 3936 parandi
1244 3844 1281 3915 in
1315 3843 1487 3935 pharma-

293 3991 438 4062 copoea
457 3971 625 4063 exposita
652 3977 717 4058 est,
748 3970 897 4044 nonnisi
927 3970 1134 4044 secundum
1163 3971 1261 4042 hanc
1289 3969 1487 4042 formulam

291 4117 423 4189 parare
443 4118 486 4168 ac
502 4097 719 4189 dispensare
740 4097 834 4170 licet.

849 4309 884 4414 §-
907 4316 942 4388 a.

399 4479 655 4568 Medicamina,
701 4500 798 4572 quae
830 4479 869 4552 in
901 4479 1246 4574 pharmacopoeam
1284 4502 1361 4554 nou
1399 4485 1490 4554 suut

292 4611 441 4701 recepta
461 4611 626 4680 attamen
645 4607 790 4700 passim
816 4608 1012 4681 amedicis
1041 4609 1244 4701 praescribi
1272 4613 1310 4683 et
1337 4609 1424 4682 hinc
1451 4609 1488 4680 in

289 4735 603 4829 pharmacopoliis
623 4738 776 4825 praesto
798 4756 884 4807 esse
905 4735 1037 4824 solent,
1067 4737 1228 4828 optimae
1256 4735 1393 4809 indolis
1417 4755 1487 4807 nec
1581 4828 1585 4837 .
