3600 5534
669 524 912 598 „Xffl-

195 740 452 826 commercio
477 750 692 850 occurant,
723 743 825 826 hinc
862 740 1069 854 plurimae
1100 738 1264 824 facilius
1288 739 1385 848 emi,

194 932 322 1018 quam
347 911 389 988 et
417 902 588 1019 quidem
629 907 796 990 nonnisi
837 903 1072 1017 majoribus
1111 905 1316 1017 impensis
1347 913 1388 987 et

192 1070 345 1152 minori
371 1067 573 1182 qualitate
598 1071 638 1153 in
664 1068 844 1154 officinis
868 1068 1226 1182 pharmaceuticis
1249 1067 1388 1180 parari

192 1240 379 1346 possunt,
404 1231 614 1318 formulae
633 1231 687 1318 ad
706 1231 895 1345 paranda
918 1239 1168 1346 praeparata
1189 1231 1388 1316 chemica

178 1397 359 1512 ‚nonnisi
384 1423 620 1510 perpaucae
647 1392 996 1510 praescribendae
1023 1407 1149 1482 erant.
1228 1403 1231 1409 ’

303 1561 368 1645 Eo
394 1562 535 1674 magis
559 1559 803 1646 consultum
828 1558 1051 1647 videbatur
1070 1563 1215 1646 omnia
1230 1558 1390 1645 indicia

192 1734 232 1808 et
273 1725 451 1832 criteria,
498 1723 654 1840 quibus
695 1725 883 1836 cujusvis
929 1727 1166 1840 praeparati
1221 1724 1387 1838 insigne

195 1891 409 2004 proprium
435 1897 477 1973 et
501 1888 711 2002 peculiare
735 1888 1011 2002 dignoscitur,
1038 1916 1268 1973 recensere.
1291 1889 1389 1973 Hac

192 2049 245 2138 de
270 2081 401 2138 causa
421 2054 465 2138 in
489 2050 772 2168 descriptione
790 2055 978 2167 cujusvis
996 2055 1245 2168 praeparati,
1271 2049 1387 2166 quod

191 2227 281 2303 arte
310 2216 508 2303 chemica
530 2218 736 2332 provenit,
778 2246 829 2303 eo
858 2216 1005 2303 ordine
1032 2214 1304 2332 progreditur,
1342 2228 1388 2300 ut

191 2381 330 2494 primo
362 2381 453 2493 ejus
484 2383 751 2468 characteres
785 2381 1191 2494 physiognomonici
1223 2389 1265 2466 et
1290 2407 1387 2492 pro-

192 2545 389 2658 prietates
416 2546 637 2660 physicae,
667 2543 822 2660 quibus
848 2545 1085 2658 insignitur,
1110 2551 1386 2657 exponantur,

191 2718 284 2793 tum
300 2710 538 2796 reactioues
557 2708 790 2818 chemicae,
810 2706 966 2823 quibus
983 2708 1194 2815 identitas,
1205 2705 1387 2821 qualitas

190 2901 244 2959 ac
266 2875 477 2989 quantitas
502 2900 582 2958 nec
610 2901 696 2958 non
724 2872 970 2987 incorrupta
1006 2871 1225 2984 integritas
1265 2898 1387 2985 prae-

190 3038 327 3152 parati
350 3035 615 3149 dijudicatur,
656 3034 842 3152 denique
872 3039 934 3122 sic
974 3035 1112 3123 dictae
1151 3037 1387 3120 reactiones

190 3200 417 3316 specificae
449 3198 797 3316 praescribantur,
838 3198 993 3315 quibus
1034 3199 1206 3286 delinita
1244 3198 1389 3313 aliqua

191 3361 429 3450 substantia
452 3363 596 3477 detegi
618 3377 660 3450 et
698 3363 969 3451 determinari
1008 3372 1158 3480 potest,
1193 3390 1278 3477 qua
1302 3391 1388 3446 non

190 3555 285 3614 raro
329 3536 627 3642 praeparatum
664 3528 933 3643 inquinatum
974 3529 1064 3613 sive
1103 3527 1388 3614 adulteratum

189 3691 233 3777 in
256 3694 517 3778 commercio
542 3693 734 3780 occurrit.

300 3859 455 3972 Aequa
487 3856 756 3944 solicitudine
790 3856 1127 3960 medicaminum
1161 3885 1215 3941 ex
1253 3883 1387 3968 regno

190 4018 424 4134 vegetabili
478 4030 520 4107 et
573 4020 750 4107 animali
802 4021 1153 4136 depromptorum
1208 4020 1387 4133 physic-

191 4186 374 4299 graphia
407 4196 450 4271 et
482 4196 610 4271 notae
633 4188 1090 4299 pharmacognosticae
1124 4197 1389 4298 exponuntur

190 4357 318 4464 atque
344 4348 569 4464 qualitates
593 4348 937 4456 determinantur,
964 4347 1120 4463 quibus
1142 4350 1185 4432 in
1209 4347 1388 4435 officinis

190 4523 359 4626 praesto
385 4541 479 4598 esse
503 4511 668 4599 debent.
