3600 5534
836 504 1078 576 -ale-

357 722 530 795 foliorum
546 722 711 814 reliquiis
725 722 1082 816 purpurascentibus
1102 721 1259 808 comato,
1275 738 1440 789 unacum
1455 715 1551 789 radi-

359 848 481 938 cibus,
511 870 557 921 ex
591 870 635 921 eo
668 848 834 941 undique
868 847 1156 941 prodeuntibus
1191 843 1330 936 longis,
1359 842 1554 935 usquead

359 975 749 1078 quinquemillimetra
768 974 909 1049 crassis
930 974 1171 1068 simplicibus,
1183 972 1368 1063 mollibus,
1390 970 1553 1058 sulcatis,

357 1103 494 1177 cortice
533 1104 802 1192 crassiusculo,
839 1109 947 1177 extus
986 1100 1247 1194 griseo-tusco,
1275 1100 1376 1173 intus
1406 1097 1554 1171 sordide

358 1231 453 1320 albo,
472 1231 511 1303 in
536 1230 702 1304 sectione
725 1236 940 1303 transversa
963 1234 1092 1303 notato
1117 1226 1359 1321 receptaculis
1383 1224 1556 1299 balsami·

357 1358 444 1430 te1is
460 1357 581 1446 fulvm,
600 1357 773 1430 radiatim
790 1357 997 1450 dispositis
1010 1355 1254 1448 amplioribus
1275 1353 1424 1426 orificiis
1443 1373 1552 1425 vaso-

356 1506 441 1557 mm
460 1484 550 1577 ligni
570 1485 740 1577 subflavi,
761 1506 891 1577 grosse
910 1484 1082 1557 radiatim
1102 1482 1232 1555 striati.

465 1648 587 1722 Radix
615 1649 815 1742 Angelicae
845 1654 904 1722 est
933 1647 1058 1721 odoris
1083 1647 1325 1740 penetrantia,
1355 1644 1554 1731 aromatici,

358 1776 505 1868 sapo1is
525 1776 631 1866 acris,
652 1776 945 1863 condimentarii,
966 1773 1385 1866 subdulcisRejiciatur
1404 1772 1555 1844 insectis

358 1923 529 1994 corrosa;
556 1908 726 1978 servetur
743 1904 783 1977 in
802 1903 904 1976 vasis
925 1903 1022 1976 bene
1042 1900 1191 1976 clausis.

468 2069 613 2140 Acetum
631 2069 873 2142 aromaticum.
893 2064 1138 2139 Electuarium
1158 2065 1400 2139 aromaticum.

738 2608 916 2717 Radix
942 2609 1184 2716 mulceo.

755 2873 955 2953 Rhizoma
975 2873 1165 2952 Arnicae.

466 3106 604 3178 Amica
623 3112 800 3198 aconiaca,
819 3105 922 3178 vide:
943 3104 1067 3177 liores
1086 3104 1248 3177 Arcicac.

467 3250 654 3324 Rhizoma
691 3251 920 3326 horizontale
958 3256 1023 3324 aut
1047 3251 1250 3343 obliquum,
1286 3271 1556 3344 praemorsam,

358 3377 538 3451 siccatum
567 3378 894 3470 subcylindricum,
928 3380 1146 3471 plerumque
1177 3384 1369 3451 arcuatum
1395 3377 1453 3450 vel
1480 3378 1553 3469 sig-

362 3504 564 3589 moideum,
583 3528 706 3598 usque
736 3506 783 3578 ad
816 3527 934 3579 unum
963 3506 1206 3579 decimetrum
1229 3507 1394 3597 longum,
1419 3504 1490 3577 tria
1510 3504 1557 3575 ad

361 3633 525 3725 quinque
550 3633 761 3706 millimetra
789 3656 969 3722 crassum,
990 3656 1177 3727 asperum,
1200 3634 1557 3719 subtuberculalum,

362 3759 507 3851 dmum,
528 3766 635 3834 extus
654 3761 948 3849 rubro-fuscum,
969 3763 1016 3834 ad
1037 3762 1307 3836 extremitatem
1327 3760 1554 3833 anteriorem

358 3888 474 3959 caulis
494 3888 742 3980 foliorumque
762 3890 921 3963 residuis
943 3894 979 3961 et
999 3890 1236 3961 solummodo
1256 3889 1398 3961 interne
1424 3888 1555 3961 radici-

357 4013 428 4086 bus
445 4015 616 4107 copiosis
637 4015 783 4088 circiter
796 4039 912 4090 unum
927 4016 1180 4106 millimetrum
1196 4015 1344 4104 crassis
1359 4016 1553 4109 fragilibus

357 4141 592 4229 instructum,
613 4142 739 4214 odoris
760 4144 890 4215 debilis
913 4144 1115 4232 aromatici,
1146 4144 1292 4235 saporis
1313 4145 1556 4218 acri-aroma-

357 4265 429 4354 tici,
450 4266 515 4338 diu
533 4268 786 4358 permanentis
807 4272 843 4339 et
862 4268 1112 4341 amariusculi.

470 4412 592 4485 Sectio
613 4419 830 4487 transversa
848 4413 1066 4487 rbizomatis
1087 4415 1196 4487 offert
1211 4419 1368 4488 stratum
1385 4415 1556 4487 corticale

360 4544 419 4612 sat
450 4538 579 4630 latum,
614 4539 993 4631 albido·g1iscum,in
1025 4540 1179 4631 regione
1211 4540 1352 4631 intima,
1390 4539 1557 4632 proxime

359 4667 509 4759 aligno
539 4688 558 4738 e
588 4667 776 4739 fasciculis
812 4668 1102 4741 cuneiiormibus
1131 4667 1343 4740 subcitrinis
1374 4673 1411 4739 et
1444 4667 1557 4741 radiis
