3600 5534
699 600 749 608 --
784 558 859 630 199
890 600 942 609 -

221 775 452 866 Camphorae
464 776 603 864 similis,
614 776 760 867 saporis
776 774 1168 866 aromaticipondcris
1185 776 1422 867 specu-900.

220 901 260 974 ln
289 904 420 994 spiritu
457 903 533 975 vini
571 907 810 974 concentrato
839 901 1011 973 facillime
1042 901 1210 988 solubile,
1239 903 1419 994 temporis

221 1036 339 1102 tractu
359 1030 587 1122 stearopteni
607 1030 778 1121 exiguam
800 1030 1046 1121 quantitatem
1067 1029 1230 1121 deponit.

329 1156 571 1229 Linimcnlum
589 1156 1058 1254 capmalo-carnplroratum.
1095 1156 1314 1253 {loquentum
1342 1180 1422 1228 oro·
1479 1200 1482 1205 ‚

222 1285 402 1357 malicum.

610 1605 794 1715 (llcum
819 1606 1048 1715 Sontoll.
1154 1648 1156 1657 ·

331 1831 360 1902 ll
379 1829 481 1921 ligno
501 1829 643 1905 Santoli
662 1829 735 1901 albi
758 1828 910 1924 (Linn.)
929 1836 1112 1923 paratum,
1134 1830 1269 1901 coloris
1290 1830 1425 1921 pallide

225 1958 319 2045 flavi,
340 1958 466 2030 odoris
486 1958 593 2030 valde
615 1957 816 2046 aromatici,
838 1958 984 2049 saporis
1005 1957 1196 2029 aromatici
1215 1956 1424 2049 pungentia,

222 2086 398 2178 ponderis
414 2108 513 2177 spec.
527 2087 655 2174 0960,
671 2085 868 2158 reactionis
888 2084 1055 2157 neutrius
1076 2090 1140 2155 aut
1156 2085 1270 2175 paulo
1285 2085 1423 2173 acidae,

223 2214 260 2284 in
279 2214 410 2305 spiritu
428 2213 504 2287 vini
525 2218 766 2286 concentralo
787 2213 892 2285 facile
915 2212 1082 2285 solubile.

232 2540 525 2649 oleum
549 2536 880 2673 &napis
899 2542 1422 2649 aethereum.

569 2766 703 2868 Allylii
726 2764 1065 2867 Sulfocyanidum.

332 2941 361 3013 E
382 2942 589 3015 seminibus
609 2944 759 3036 Sinopis
779 2945 917 3033 nigrae,
938 2942 985 3013 ab
1016 2943 1099 3014 oleo
1129 2940 1254 3033 pingui
1277 2960 1422 3031 expres-

226 3069 329 3141 sione
376 3068 539 3142 liberatis
585 3076 775 3163 paratum,
828 3071 875 3145 sit
923 3091 1054 3142 recens
1102 3068 1262 3156 decolor,
1302 3067 1420 3158 limpi-

226 3197 325 3284 dum,
363 3195 488 3268 odoris
507 3197 824 3288 penetrantissimi
861 3196 968 3281 acris,
1008 3196 1153 3288 saporis
1180 3195 1345 3277 urentis;
1384 3195 1421 3264 in

227 3330 307 3395 cute
333 3345 408 3415 qua
421 3324 657 3397 rubefaciens
674 3327 758 3415 agit.
779 3325 833 3397 Sit
851 3322 1031 3417 ponderis
1053 3343 1152 3414 spec.
1173 3320 1420 3407 rot-lot,

226 3450 296 3522 sub
315 3454 567 3542 temperatura
590 3452 698 3524 148ο
723 3452 861 3523 ebullit.
881 3451 1002 3523 Facile
1022 3453 1060 3522 in
1081 3452 1212 3542 spiritu
1240 3449 1314 3521 vini
1335 3470 1421 3520 cou-

227 3583 390 3650 centrato
420 3583 457 3650 et
484 3578 522 3649 in
543 3578 702 3665 aethere,
732 3599 864 3670 parum
893 3580 930 3649 in
957 3600 1056 3669 aqua
1085 3576 1255 3660 solvitnr;
1286 3575 1422 3647 solutio

226 3726 369 3797 aquosa
397 3707 468 3777 cito
498 3706 790 3797 decomponitur.
821 3706 954 3778 Oleum
983 3728 1049 3797 per
1086 3705 1234 3795 longius
1272 3708 1421 3794 tempus

225 3832 295 3904 luci
329 3834 550 3923 expositum,
583 3833 703 3905 induit
741 3834 903 3905 colorem
933 3834 1209 3905 rutilo-luscum
1247 3836 1283 3902 et
1321 3830 1419 3902 sedi-

224 3965 391 4032 mentum
411 3959 560 4031 sordide
581 3962 835 4033 aurantiacum
857 3960 1020 4051 deponit.

334 4086 469 4159 Guttae
499 4088 627 4158 decem
648 4088 718 4159 olei
739 4110 823 4160 cum
845 4089 1008 4179 utrinque
1030 4086 1253 4157 centimolris
1284 4085 1421 4156 cubicis

226 4213 317 4285 acidi
348 4213 512 4284 sulfurici
550 4216 775 4286 concontrati
811 4215 957 4301 mixtae,
998 4214 1222 4285 solutionem
1261 4213 1422 4284 efficiant

226 4341 426 4432 limpidam,
446 4340 505 4412 vix
526 4342 656 4413 autad
687 4363 876 4414 summum
897 4344 1029 4413 llavam
1053 4341 1265 4413 coloratam.

332 4470 505 4541 Servetur
526 4491 614 4540 vase
634 4469 729 4540 bene
758 4470 899 4545 clauso.
921 4469 968 4539 ab
990 4468 1081 4539 lucis
1104 4474 1139 4541 et
1159 4468 1256 4540 airis
1283 4468 1421 4539 iulluxu

225 4601 420 4668 remotum.

214 4777 217 4781 Δ
333 4720 491 4816 Spiritus
511 4722 668 4816 Sinopis.
