3600 5534
540 598 556 642 ο
742 589 954 662 ..qq-

245 809 399 896 urentiS,
444 808 646 881 roactionis
684 807 865 880 neutrius,
913 805 1024 900 Aqua
1061 807 1197 900 frigida
1234 805 1444 900 difficulter,

246 935 388 1007 fervida
414 935 570 1024 facilius,
600 935 732 1028 spiritu
761 935 836 1007 vini
857 941 893 1008 et
921 934 1071 1007 aethere
1100 934 1205 1006 facile
1234 935 1443 1021 solvuntur,

248 1063 347 1135 cirea
369 1062 468 1135 1120
492 1061 714 1155 liquescunt
735 1084 865 1134 versus
892 1063 994 1136 2950
1014 1059 1334 1154 indecompositae
1354 1083 1439 1134 eva-

245 1195 390 1282 porant,
420 1211 535 1282 super
562 1191 701 1263 lamina
719 1188 886 1282 platinea
914 1188 995 1261 sine
1023 1188 1176 1261 residuo
1205 1189 1441 1262 comburunt.

355 1318 631 1390 Anlllebrinum
657 1317 693 1388 in
721 1318 828 1390 acido
848 1316 1028 1390 sulfurico
1053 1321 1294 1389 concentrato
1313 1314 1444 1389 leniter

246 1446 467 1517 calefactum
488 1445 654 1532 solvitur,
676 1445 813 1518 solutio
834 1444 883 1518 sit
903 1444 1038 1517 coloris
1058 1465 1201 1536 expers,
1232 1443 1326 1515 Cum
1341 1443 1440 1514 solu-

248 1570 1442 1664 tioneconcentratakaliihydrooxydaticoctumdecomponitur,

246 1719 404 1792 vapores
425 1698 552 1771 anilini
572 1699 754 1772 emiltens.
774 1698 895 1772 Parva
914 1699 1035 1792 portio
1054 1697 1282 1786 Antilebrini,
1298 1698 1336 1769 iu
1352 1698 1442 1770 tubo

245 1826 461 1920 probatorio
473 1807 560 1900 cum
573 1828 707 1922 exigua
717 1828 876 1900 frustula
888 1827 974 1899 kalii
985 1826 1257 1918 hydrooxydali
1268 1825 1442 1897 lusicalc-

245 1956 353 2035 sacta,
370 1955 501 2028 emittit
516 1955 553 2026 in
569 1977 717 2027 summo
737 1955 850 2048 plano
866 1956 954 2028 kalii
965 1953 1240 2046 hydrooxydati
1255 1952 1443 2045 liquefacti

246 2079 371 2154 anilini
393 2087 538 2174 guttam
558 2083 769 2154 subflavum
789 2083 991 2173 oleaceam,
1021 2088 1057 2158 et
1076 2082 1214 2176 quodsi
1234 2086 1320 2174 post
1338 2081 1440 2154 retri-

244 2209 478 2299 gerationem
499 2231 638 2302 aquam
667 2209 893 2283 destillatam
913 2232 956 2282 ac
976 2211 1175 2283 abundans
1201 2209 1349 2281 acidum
1369 2208 1442 2280 sul-

245 2335 404 2408 lmicum
416 2337 573 2409 dilutum
585 2337 928 2426 addideris‚solutio
940 2337 1104 2427 obtenta,
1113 2337 1289 2409 admixtis
1300 2336 1443 2428 aliquot

245 2463 359 2555 guttis
381 2485 504 2555 aquae
524 2465 650 2554 chlori,
671 2465 880 2538 violaceum
901 2465 1064 2536 colorem
1084 2464 1214 2538 induit.

543 2788 1151 2924 Aecllpvrimam.

301 3013 951 3118 Pheuyldimotliylpyranolonum.
976 3013 1419 3120 (Oxydymethylohini-

763 3161 928 3258 uinum.)

352 3354 479 3428 Pulvis
500 3356 747 3448 crystallinus
765 3355 882 3442 albus,
898 3353 1027 3427 odoris
1043 3354 1118 3426 lere
1133 3375 1276 3447 erpere,
1293 3356 1440 3446 saporis

246 3482 374 3570 amari,
414 3485 492 3556 sive
521 3484 692 3556 lamellae
731 3481 970 3574 crystallinae
1008 3480 1139 3553 nitoris
1168 3481 1269 3574 adipi
1298 3482 1441 3571 similis

247 3609 416 3682 facillime
446 3610 483 3682 in
513 3631 633 3704 aqua,
672 3609 806 3702 spiritu
835 3609 977 3681 violet
1014 3608 1286 3698 chloroformio,
1325 3612 1442 3683 multo

245 3737 431 3811 difficilius
448 3740 485 3810 in
502 3738 653 3812 aethere
673 3739 860 3828 solubiles,
881 3739 1082 3811 reactionis
1102 3739 1284 3812 neutrius.
1312 3739 1441 3812 Calore

249 3867 482 3939 111--113ο
524 3867 706 3958 liquescit.
749 3867 791 3938 In
834 3865 974 3938 lamina
1012 3866 1174 3958 platinea
1221 3867 1442 3938 fervefactus

244 3999 506 4066 concrematur
524 3994 677 4067 residuo
697 3993 799 4066 nullo
820 3993 958 4065 relicto.

352 4120 497 4192 Solutio
518 4141 673 4211 aquosa,
690 4141 775 4193 cum
792 4125 897 4211 gutta
916 4119 1003 4191 lerri
1022 4119 1311 4211 sesquichlorati
1328 4120 1442 4193 soluti

243 4248 369 4336 mixta,
390 4249 553 4322 colorem
573 4249 691 4320 solide
712 4251 867 4321 rubrum
888 4248 1034 4340 recipit,
1062 4250 1126 4340 qui
1156 4250 1297 4340 aliquot
1326 4249 1439 4340 guttis

245 4378 338 4450 acidi
366 4377 534 4449 sulfuriei
564 4378 794 4448 concentrali
823 4377 962 4450 additis
991 4377 1028 4449 in
1058 4380 1271 4449 subflavum
1295 4377 1438 4450 transit.

353 4505 496 4577 Solutio
511 4525 657 4596 aquosa
673 4505 801 4592 diluta,
814 4505 993 4595 adjuncta
1003 4505 1191 4578 solutione
1208 4506 1295 4577 kalii
1306 4505 1439 4577 nitrosi

244 4637 356 4705 antea
385 4630 491 4703 acido
512 4630 693 4704 sulfurico
719 4629 837 4704 diluto
858 4631 1057 4717 acidulata
1088 4632 1249 4704 colorem
1270 4633 1442 4705 caeruleo

242 4759 400 4832 viridem
421 4757 551 4830 induit.
