3600 5534
859 565 1073 637 -94-

474 781 571 871 Tum
591 782 715 874 ingere
736 803 905 855 massam
927 784 964 855 in
984 788 1207 876 apparatum
1240 782 1498 873 depulsoriulu
1527 787 1562 852 ct

369 909 636 1002 superaffunde

505 1032 661 1133 Spiritus
681 1037 757 1112 l'ini
778 1035 884 1113 diluti
1022 1064 1053 1132 q.
1074 1067 1115 1128 s,

368 1173 408 1238 nt
427 1187 554 1238 massa
573 1167 714 1258 liquido
736 1167 884 1239 obtecta
904 1166 961 1237 sit.

475 1293 623 1365 Macera
642 1315 709 1386 per
729 1292 978 1384 quadraginta
1012 1298 1097 1365 octo
1130 1293 1257 1366 horas,
1287 1292 1371 1381 Quo
1392 1298 1561 1384 tempore

366 1419 495 1510 elapso
511 1421 640 1512 collige
651 1421 833 1514 liquorem
846 1418 1072 1494 defluentem
1082 1419 1265 1513 inlagena
1275 1421 1353 1492 noti
1370 1419 1559 1512 ponderis

366 1545 484 1618 donec
536 1549 726 1639 quantitas
779 1545 908 1638 liquidi
954 1547 1105 1640 pondus
1153 1547 1342 1638 octoginta
1395 1545 1561 1639 quinque

366 1680 613 1762 grammatum
636 1673 807 1765 attigerit.
829 1673 980 1764 Lagena
1013 1695 1098 1745 curn
1132 1675 1300 1766 excipulo
1320 1673 1412 1746 satis
1433 1672 1559 1764 capaci

328 1805 332 1816 '
367 1804 605 1888 commutata,
643 1800 793 1873 residuo
826 1799 977 1872 aliunde
1021 1800 1181 1872 iterantis
1214 1800 1356 1872 vicibus
1390 1800 1560 1892 spiritum

366 1926 440 1998 vini
460 1927 616 2000 dilutum
637 1930 755 2000 donec
774 1927 881 1999 radix
899 1928 1050 2019 penitus
1071 1927 1257 2000 exhausta
1277 1928 1336 2027 sit.

476 2054 676 2147 Liquorem
691 2056 729 2127 in
744 2054 914 2146 excipulo
930 2054 1127 2126 collectum
1142 2052 1179 2125 in
1195 2053 1329 2126 balneo
1346 2074 1466 2145 aquae
1478 2055 1559 2125 cles-

366 2181 520 2253 tillando
551 2183 723 2275 aspiritu
752 2183 827 2254 vini
859 2182 982 2272 libera,
1016 2181 1210 2253 residuunt
1244 2183 1329 2254 inde
1358 2202 1559 2256 remanens

366 2309 414 2380 ad
454 2314 658 2382 extractum
697 2317 806 2382 tenue
845 2311 1085 2402 evaporando
1111 2310 1247 2400 redige,
1287 2311 1439 2382 deinum
1471 2330 1558 2381 cum

365 2437 507 2528 liquore
527 2436 565 2507 in
583 2436 718 2527 lagena
737 2437 890 2509 collecto
912 2437 1033 2509 misce.

505 2580 647 2657 l'onclns
667 2580 820 2685 liquoris
840 2582 969 2659 liltrati
989 2581 1038 2658 sit

1015 2717 1251 2807 propinantem
1271 2716 1402 2782 centum
1421 2717 1452 2782 ei

1072 2839 1331 2933 quinquaqinta
1482 2839 1556 2911 150

473 2965 583 3055 Quod
623 2967 668 3038 de
706 2967 777 3038 hoc
816 2967 967 3038 deesset
1004 2965 1131 3036 addito
1175 2965 1307 3057 spiritu
1341 2965 1416 3036 vini
1455 2988 1554 3038 com·

363 3099 552 3186 pensetur.

428 3459 937 3568 Eoelraclum
972 3457 1486 3595 Huooopamt

747 3621 1172 3759 foliorum.

469 3880 626 3954 Paretur
645 3903 664 3952 e
683 3879 794 3952 Foliis
814 3880 1039 3972 Hyoscyami
1059 3880 1260 3972 pulveratis
1280 3886 1320 3952 ut
1341 3879 1555 3952 Extractum

359 4009 514 4082 Aconiti.

613 4347 924 4456 distractum
952 4349 1287 4489 Liqniritiac.

466 4610 622 4682 Paretur
650 4630 669 4680 e
698 4609 838 4680 Radice
858 4609 1068 4699 Liquiritiae
1094 4616 1254 4681 contusa
1278 4615 1318 4682 ut
1338 4610 1552 4681 Extinctum

359 4739 573 4811 Gentianae.
