3600 5534
846 529 904 564 ·-
935 510 1012 583 am
1043 514 1107 561 -·

729 831 906 941 llndlx
933 830 1216 941 litaminis·

753 1061 951 1141 Rhizoma
974 1058 1190 1140 Graminis

489 1256 659 1329 Triticum
695 1280 813 1352 repens
849 1257 989 1345 Linn.,
1026 1256 1156 1348 planta
1192 1254 1366 1343 rediviva,
1393 1254 1440 1326 ad
1479 1252 1571 1341 viaS,

377 1407 499 1479 senaa,
517 1386 556 1457 in
576 1386 674 1477 agris
693 1384 1006 1476 frequentissima.
1033 1382 1253 1454 Grcmtccce.
1530 1386 1534 1402 '

486 1512 671 1585 Rhizoma
688 1512 960 1603 longissimum,
981 1530 1184 1599 ramosum,
1211 1508 1390 1581 siccatum
1423 1510 1470 1582 ad
1502 1510 1574 1583 tria

376 1641 587 1713 millimetra
607 1661 789 1728 crassum,
821 1638 1039 1712 internodiis
1074 1638 1148 1709 duo
1184 1636 1232 1709 ad
1267 1640 1428 1729 quatuor
1460 1638 1572 1711 centi-

376 1773 497 1842 metra
510 1768 643 1860 longis
659 1767 850 1856 fistulosis
866 1771 975 1839 extus
986 1765 1150 1853 sulcatis,
1164 1764 1344 1853 laevibus,
1358 1766 1573 1854 nitentibus

378 1896 512 1969 coloris
546 1894 748 1982 straminei,
784 1893 1022 1966 solummodo
1061 1892 1109 1965 ad
1138 1892 1261 1964 nodos
1291 1893 1391 1965 intus
1422 1892 1572 1966 clausos

379 2024 563 2097 radicibus
583 2023 759 2095 tenuibus
780 2027 816 2095 et
835 2021 978 2112 vaginis
998 2021 1304 2109 membranaceis,
1326 1994 1470 2110 albidis,
1490 2020 1572 2092 fim-

379 2150 506 2223 briatis
526 2151 700 2223 obsitum.

487 2278 606 2350 Sectid
625 2282 845 2351 transversa
863 2276 1061 2349 internodii
1081 2274 1229 2348 exhibet
1249 2297 1382 2348 cavum
1412 2276 1574 2350 centrale

379 2411 416 2478 et
435 2406 615 2478 annulum
639 2405 882 2478 subcitrinum
903 2403 1123 2477 elasciculis
1148 2424 1326 2475 vasorum
1347 2402 1574 2493 continuum,

379 2537 487 2605 extus
508 2532 777 2605 circumdatum
803 2536 921 2604 strato
946 2530 1044 2619 albo,
1068 2531 1192 2622 amylo
1217 2535 1377 2619 carente,
1399 2531 1575 2604 corticali.

488 2660 663 2733 Fodiatur
681 2682 777 2748 vere,
797 2664 1001 2751 antequam
1016 2658 1126 2730 culmi
1140 2658 1351 2750 prodierint,
1364 2663 1400 2731 et
1419 2658 1575 2731 resectis

379 2788 564 2861 radicibus
585 2770 763 2861 siccatum
783 2792 963 2861 servetur.
984 2786 1208 2877 Plerumque
1228 2786 1404 2875 rhizoma
1426 2787 1573 2878 saporis

380 2917 581 3005 subdulciS,
603 2917 795 2989 concisum
813 2916 852 2987 in
871 2922 1083 2987 mercatura
1102 2916 1282 3007 provenit,

490 3042 709 3116 Extinctum.
940 3044 943 3049 ’

527 3368 824 3481 Radia)
859 3290 1438 3503 annumerato.

738 3593 936 3672 anama
959 3591 1229 3695 Hydrastidis.

492 3790 686 3884 Hydrcstis
705 3789 919 3861 Occcdcnsia
937 3790 1014 3861 Lin
1025 3809 1073 3875 n.,
1092 3788 1221 3880 planta
1240 3784 1414 3878 perennis
1434 3782 1576 3856 Ameri-

384 3943 449 3993 cae
470 3919 642 3992 borealis
663 3917 960 3989 Racunculaccue.

492 4048 677 4120 Rhizoma
696 4047 888 4138 obliquum
923 4050 988 4117 aut
1006 4043 1246 4133 horizontale,
1274 4041 1453 4113 siccatum
1473 4059 1579 4110 arcu-

385 4184 499 4269 atum,
519 4177 738 4262 flexuosum,
752 4174 895 4265 passim
912 4173 1213 4257 subtuberosum,
1234 4173 1395 4261 quatuor
1410 4168 1458 4240 ad
1475 4168 1580 4259 miin-

386 4326 458 4398 que
479 4303 697 4377 centimetra
715 4302 879 4392 longum,
900 4305 1061 4393 quatuor
1081 4298 1127 4370 ad
1147 4302 1232 4369 octo
1252 4296 1464 4367 millimetra
1483 4315 1581 4367 cras·

385 4455 481 4521 sum,
507 4431 924 4522 multiceps-ramosum,
950 4425 1064 4499 ramis
1094 4424 1282 4515 brevibus
1308 4442 1461 4497 sursum
1487 4421 1580 4494 cica-

383 4561 473 4635 trice
508 4560 623 4633 caulis
652 4557 850 4646 excavatis
880 4554 1185 4642 subannulatum,
1210 4551 1374 4641 undique
1409 4550 1582 4623 emittens

385 4688 529 4765 radices
538 4693 682 4779 tenues
693 4686 841 4779 fragiles
852 4704 1058 4776 eorumque
1067 4679 1231 4773 reliquiis
1250 4678 1289 4751 in
1306 4676 1501 4773 superficie
1515 4697 1584 4772 per
