3600 5534
691 534 934 609 —u53-

589 782 822 928 Spiritus
850 782 1026 895 tiarvi.

293 1010 322 1083 Ε
342 1008 480 1084 Fruetu
500 1011 608 1085 Cervi
630 1015 787 1084 contuso
807 1015 957 1104 paretur
975 1014 1017 1083 ut
1037 1009 1195 1102 Spiritus
1215 1008 1332 1082 Auisi.

209 1424 441 1567 Spiritus
467 1424 619 1535 lierri
647 1424 1065 1567 sesquiohiorati
1096 1422 1405 1534 aethereus.

207 1648 308 1743 Rpe:
342 1647 443 1727 torri
462 1646 743 1752 sesquioiisrsti
763 1647 997 1751 orpststiissti

883 1782 1088 1876 prorumuto
1102 1776 1298 1874 quindecim
1357 1777 1405 1850 15

344 1904 500 2008 Spiritus
515 1903 681 1984 sitieris
715 1914 919 2005 praumato
933 1906 1297 2001 eentumetoctopiutu.
1330 1906 1406 1978 180

315 2034 429 2107 Misce
456 2035 748 2127 conquassendo
779 2036 819 2109 in
851 2035 985 2129 lagena
1013 2035 1129 2107 vitrea
1153 2033 1248 2107 bene
1278 2032 1407 2105 clausa

207 2169 244 2237 et
272 2163 364 2235 solis
393 2162 507 2237 radiis
537 2184 692 2255 expone,
721 2185 841 2255 usque
867 2162 958 2235 dum
978 2162 1128 2235 decolor
1147 2161 1290 2248 evadat,
1319 2159 1406 2233 dein

207 2291 390 2383 liquorem
423 2312 446 2363 a
478 2290 687 2364 sedimento
721 2314 854 2384 sepem
887 2295 925 2363 et
958 2290 1154 2383 limpidum
1187 2289 1225 2361 in
1263 2288 1406 2378 lagena,

207 2418 414 2511 epistomeo
433 2418 551 2490 vitreo
572 2416 744 2489 obturata
763 2421 840 2489 torn
860 2414 923 2489 diu
938 2436 1088 2508 sepone,
1107 2416 1227 2488 donec
1243 2394 1406 2488 eolorem

206 2546 344 2619 ssavum
363 2544 556 2638 acceperit.
986 2514 993 2529 ’

316 2673 372 2747 Sit
391 2672 537 2767 saporis
558 2670 706 2765 styptici
726 2670 867 2744 serrosi.

544 3085 777 3230 Spiritus
802 3084 1069 3227 iuniperi.

211 3312 309 3406 Rpe:
343 3308 494 3387 troitus
513 3306 680 3409 iuniperi
701 3308 843 3387 sortusi
896 3316 1100 3403 prouunoto
1119 3316 1252 3380 centum

960 3443 991 3507 et
1010 3436 1270 3533 quinquaqinta
1330 3437 1406 3508 150

344 3564 503 3668 Spiritus
517 3562 597 3641 Viri
611 3562 837 3641 uenierunt
891 3571 1094 3660 pruuuuuto
1110 3551 1298 3660 puiupeutu
1327 3564 1406 3636 500

344 3693 464 3794 Aque
513 3670 516 3677 Ι
573 3698 774 3790 prumuiotu
794 3692 897 3765 utilio.
1304 3692 1406 3763 1000

316 3821 463 3895 Maeere
480 3844 546 3914 per
565 3820 763 3896 duodecim
782 3820 896 3893 horus
918 3825 954 3892 et
973 3819 1148 3892 abstrahe

913 3954 1115 4045 praumato
1134 3953 1296 4019 sexcenta.
1327 3947 1406 4019 600

498 4362 729 4507 Spiritus
757 4360 1127 4471 buvauiulue.

315 4588 344 4660 Ε
364 4588 535 4661 Floribus
554 4587 794 4660 Levanduiae
818 4590 969 4679 peretur
987 4591 1029 4657 ut
1049 4585 1209 4678 Spiritus
1228 4584 1404 4676 iuniperi.

316 4714 476 4811 Spiritus
495 4713 648 4811 Sopouis
666 4714 789 4786 totiui.
