3600 5534
870 531 1113 602 -154-

892 742 1093 851 Intnsa.

504 966 642 1053 infusa,
676 988 835 1058 querum
869 969 1059 1059 quantitas
1093 967 1328 1039 substantiae
1359 968 1595 1040 adhibendae

397 1116 420 1165 a
452 1093 596 1164 medico
629 1095 858 1186 praescripta
890 1116 967 1166 non
1002 1100 1069 1181 est,
1103 1094 1141 1165 in
1175 1115 1311 1185 genere
1341 1100 1521 1186 parentur
1550 1118 1594 1168 ex

397 1227 502 1313 parte
530 1242 606 1293 una
629 1221 885 1293 medicaminis
916 1221 964 1292 ad
993 1227 1117 1313 partes
1149 1221 1278 1292 decem
1310 1220 1497 1294 celaturae
1519 1222 1594 1293 effi-

398 1348 561 1419 ciendae.

505 1475 680 1547 Attamen
724 1476 916 1565 quantitas
953 1475 1252 1561 medicaminum,
1293 1496 1452 1567 quornm
1491 1476 1592 1547 dosis

397 1602 560 1673 maxima
580 1601 730 1673 definita
749 1607 819 1690 est,
839 1624 988 1694 semper
1009 1626 1031 1674 a
1052 1602 1194 1674 medico
1214 1602 1498 1693 praescribatur.
1536 1602 1593 1673 nd

396 1730 606 1820 parandum
643 1728 814 1802 Infusum
848 1729 1059 1801 substantia
1090 1728 1241 1801 concisa
1267 1728 1344 1800 sive
1374 1734 1532 1801 contusa
1556 1730 1593 1801 in

397 1877 487 1927 vase
518 1862 605 1947 apto
633 1878 733 1948 aqua
760 1856 903 1929 fervida
931 1856 1158 1947 infundatur,
1189 1856 1274 1927 dein
1303 1856 1491 1928 interdum
1520 1856 1593 1946 agi-

397 1984 513 2054 tando
533 1983 591 2054 vei
611 2006 677 2075 per
706 1984 869 2076 quinque
904 1986 1048 2056 minuta
1080 1984 1283 2076 vaporibus
1315 1983 1440 2055 balnei
1473 2005 1594 2074 aquae

400 2111 556 2193 calefiat,
579 2111 637 2181 vei
656 2134 723 2203 per
743 2112 990 2203 quadrantem
1013 2112 1127 2183 horae
1149 2116 1353 2204 seponatur
1374 2134 1464 2182 vase
1486 2116 1593 2182 tectu.

399 2238 599 2328 Liquorern
618 2238 876 2329 refiigeratmn
897 2239 980 2310 cola
1000 2244 1036 2309 et
1056 2239 1087 2310 si
1106 2260 1203 2329 opus
1224 2244 1280 2311 est
1299 2238 1409 2310 filtra.-

563 2559 802 2667 infusum
829 2559 1045 2669 Sennac
1072 2593 1190 2667 cnm
1215 2561 1434 2668 Manna.

779 2788 962 2868 Infusum
984 2789 1214 2867 laxativum.

400 2981 502 3073 Rpe:
538 2979 714 3058 nortorum
736 2980 874 3059 Saum
894 2980 1158 3058 Alexandrinae
1230 2991 1432 3079 praenimia

1139 3112 1263 3208 cipinfi
1282 3113 1435 3207 quinque
1546 3114 1594 3184 bb

540 3236 658 3334 Aquae
679 3234 889 3314 destinatae
910 3234 1072 3314 fervidae
1126 3246 1326 3333 prnnrmata
1341 3238 1488 3311 ducenta
1519 3242 1595 3313 bno

404 3364 554 3437 infunde
573 3388 639 3458 per
659 3367 906 3457 quadrantem
926 3364 1053 3437 borae.

513 3490 554 3563 ln
575 3494 744 3566 colatura
764 3515 944 3586 expressa
963 3494 1066 3565 solve

542 3617 685 3695 naum
739 3625 940 3714 preruptam
962 3620 1109 3715 frc'qinta
1128 3620 1282 3715 quinque
1548 3625 1597 3695 35

515 3746 723 3819 Clarilicata
742 3752 779 3819 et
797 3748 933 3818 filtrata
953 3747 1201 3839 dispensetur.

515 3874 706 3970 lfydrcnrcl
726 3876 911 3967 r'nsmrtum.

685 4200 1326 4339 «ludolbrmfmm.

516 4421 641 4493 Pulvis
652 4421 1016 4513 microcrystallinus,
1032 4428 1132 4494 tactu
1148 4422 1308 4518 pinguis,
1324 4422 1458 4495 coloris
1475 4424 1600 4509 citrini,

408 4550 535 4621 erinnis
556 4550 687 4637 crocei,
708 4550 853 4640 saporis
873 4550 1006 4641 ingrati
1033 4550 1165 4639 jodum
1199 4552 1396 4623 monentis
1430 4548 1472 4623 ln
1507 4572 1603 4643 aqua

404 4680 480 4750 fere
506 4677 726 4764 insolubilis,
745 4677 783 4748 in
803 4678 936 4769 spiritu
965 4677 1050 4765 vini,
1075 4677 1219 4750 facilius
1245 4678 1367 4751 adbuc
1387 4679 1425 4750 in
1453 4678 1601 4751 aethere
