3600 5534
747 512 989 587 -063-

266 731 437 826 portione
465 732 629 825 partium
663 736 813 805 centum
846 730 976 825 liquidi
1010 729 1058 803 ad
1091 734 1218 823 partes
1250 734 1402 803 centurn
1428 736 1465 803 et

268 859 465 952 sexaginta
499 858 671 933 sacchari
706 858 785 931 sive
816 858 924 930 unica
953 856 1185 945 ebullitione,
1215 838 1299 928 sive
1325 855 1464 929 diutius

268 986 475 1082 coquendo,
496 987 666 1059 solvatur
688 990 726 1059 et
745 986 777 1059 si
796 986 918 1080 liquor
937 984 1109 1059 turbidus
1136 989 1250 1072 esset
1275 984 1464 1057 alb‘umine

267 1116 327 1189 ovi
347 1115 577 1189 clarificetur.

375 1242 511 1336 Syrupi
529 1247 608 1316 tum
630 1243 797 1317 colentur
815 1264 882 1335 per
901 1262 1070 1333 pannum
1089 1241 1248 1313 laneum
1261 1245 1298 1313 et
1312 1239 1462 1333 penitus

266 1371 478 1463 refrigerati,
499 1369 601 1443 vasis
618 1370 758 1443 clausis
773 1370 857 1444 loco
877 1369 1009 1461 ln'gido
1029 1375 1064 1441 et
1082 1368 1182 1441 sicco
1201 1373 1408 1441 serventur.

268 1482 271 1491 ¹
375 1498 614 1571 Substantiae
635 1497 802 1571 volatiles
825 1496 1057 1569 aromaticae
1081 1517 1225 1588 syrupo
1245 1495 1464 1587 refrigerato

268 1625 555 1699 admisceantur.

375 1752 523 1845 Syrupi,
557 1758 711 1844 excepto
742 1752 889 1843 Syrupo
929 1750 1169 1842 amygdalino
1204 1749 1278 1821 sint
1311 1748 1463 1840 limpidi.

590 2274 832 2418 Syrupus
858 2271 1135 2385 Althaeae.

266 2535 366 2626 Rpe:
402 2518 549 2611 lladlols
568 2532 739 2611 llltlreao
758 2534 924 2612 concleae
978 2538 1180 2631 mommolo
1199 2533 1327 2631 ciuitati
1413 2533 1464 2605 00

400 2661 520 2761 Aquae
541 2660 751 2739 destillat&
771 2660 928 2764 frigidae
973 2668 1175 2758 yrcmmcto
1196 2666 1354 2732 trecenta.
1387 2660 1464 2730 300

376 2791 524 2865 Macera
551 2814 619 2885 per
651 2792 838 2866 bihoriunr
866 2792 1016 2883 saepius
1048 2790 1235 2881 agitanda,
1269 2794 1349 2860 tum
1383 2787 1466 2859 cola

267 2921 344 2993 sinc
366 2921 605 3013 expressione
628 2926 663 2993 et
681 2918 719 2991 in
740 2920 908 2993 colatura

545 3054 783 3146 qrammatum
803 3046 1028 3119 ducentorum
1046 3051 1078 3117 et
1097 3043 1356 3139 quinquaqinta
1387 3043 1465 3116 250

268 3177 370 3249 solve
391 3176 501 3249 unica
521 3176 733 3250 ebullitione

402 3300 574 3381 scortari
596 3301 739 3381 contusi
793 3309 998 3401 yrammota
1017 3300 1285 3398 quodrlaymto.
1384 3298 1464 3369 400

531 3808 774 3951 Syrupus
800 3803 1200 3949 amygdalinas.

647 4074 824 4176 Syrupus
848 4072 1075 4153 emulsivus

257 4308 375 4400 Rpe:
405 4305 678 4410 lnygdrlarrm
701 4300 859 4380 dulcium
891 4299 1196 4379 decorticatam

963 4436 1165 4527 9rammata
1185 4428 1358 4523 octoqlnta
1414 4427 1466 4498 80

404 4558 684 4665 dnygdalmn
707 4579 908 4636 antrorum
928 4556 1229 4634 decorticaturum

999 4689 1202 4782 yrcmmcta
1219 4681 1358 4773 viciati.
1416 4681 1466 4752 20
