3600 5534
779 528 1015 612 ——b3b-

291 772 401 828 verso
420 755 644 847 praesertim
659 757 707 829 ad
722 758 868 830 initium
884 757 1012 829 annuli
1029 757 1212 849 cujusque
1228 754 1316 828 anni
1331 774 1487 829 concen-

290 884 372 955 trici
392 886 589 957 manifeste
607 906 757 977 poroso
791 885 904 957 radiis
933 884 1202 957 medullaribus
1224 883 1490 972 subtilissimis,

291 1012 559 1111 approximatis
589 1018 757 1103 exarata,
788 1012 913 1085 odoris
942 1010 1193 1101 foeniculacei,
1223 1012 1371 1103 saporis
1400 1012 1488 1083 sub-

294 1140 423 1213 dulcis

397 1268 440 1341 ln
476 1273 685 1340 mercatura
723 1268 875 1359 saepius
914 1268 1065 1340 obvenit
1107 1268 1280 1340 scissum.
1330 1267 1489 1359 Lignum

291 1396 418 1486 trunci,
438 1402 604 1467 aromate
624 1398 698 1468 lere
719 1396 871 1468 omniuo
884 1416 1025 1484 carens
1044 1393 1291 1485 rejiciendum
1312 1400 1380 1466 est.

398 1521 534 1618 Species
553 1521 760 1618 Liquorum'.

634 1824 812 1935 lladix
837 1826 1135 1970 Sexageac.

396 2048 566 2148 Polppalc
595 2050 722 2149 Senepc
755 2053 886 2140 Lino„
916 2052 1046 2143 planta
1074 2050 1253 2143 perennis
1292 2032 1488 2123 Americae

288 2179 460 2252 borealis.
481 2178 738 2277 Polppalccece.

396 2307 520 2380 Radix
539 2308 689 2395 siccata,
711 2307 758 2379 ad
779 2306 1019 2379 decimatrum
1039 2307 1158 2397 longa,
1174 2307 1244 2379 sub
1263 2306 1346 2378 basi
1365 2305 1488 2377 multi-

288 2434 395 2525 cipite
411 2434 821 2524 tuberculoso-nodosa‚
842 2455 955 2525 saepe
968 2431 1131 2505 residuis
1143 2432 1299 2505 caulinis
1310 2432 1487 2525 praedita,

285 2582 369 2632 raro
387 2561 485 2632 ultra
503 2567 588 2633 octo
607 2561 819 2632 millimetra
839 2582 975 2650 crassa,
997 2560 1154 2651 simplex
1174 2564 1240 2631 aut
1259 2562 1488 2647 subramosa,

289 2687 432 2779 apicem
451 2708 584 2759 versus
605 2688 746 2759 sensim
765 2692 967 2774 attenuata,
995 2686 1215 2777 plerumque
1235 2691 1394 2775 arcuata,
1422 2685 1489 2757 lal-

289 2820 373 2886 cata
399 2820 464 2886 aut
489 2818 672 2905 tortuosa,
700 2814 740 2887 in
767 2814 939 2887 interiore
970 2819 1188 2886 curvaturae
1219 2814 1334 2885 latere
1364 2814 1493 2885 carina

289 2942 452 3013 cortieali
471 2940 556 3032 plus
575 2942 701 3013 miuus
721 2949 853 3033 arguta
872 2947 1009 3031 notata,
1040 2941 1077 3011 iu
1101 2941 1216 3013 latere
1237 2941 1411 3033 opposito
1431 2962 1491 3013 ru-

289 3091 388 3158 gosa
411 3067 559 3156 callosa
590 3073 723 3158 torosa
754 3076 861 3141 extus
889 3068 1024 3140 coloris
1045 3068 1169 3140 liavidi
1199 3076 1263 3139 aut
1292 3068 1487 3157 griseo-lu·

289 3196 501 3283 scescentis,
523 3196 865 3287 odorispeculiaris,
886 3196 1031 3286 saporis
1053 3194 1160 3266 aeris.

398 3323 521 3395 Sectio
550 3329 766 3395 transversa
793 3322 941 3407 radicis
972 3322 1095 3412 amylo
1136 3344 1180 3393 ex
1218 3327 1298 3393 toto
1319 3322 1490 3410 carentis,

289 3452 421 3543 probat
450 3452 624 3523 corticem
653 3450 819 3521 albidum
857 3448 1060 3523 satiatum
1091 3456 1127 3522 et
1155 3450 1296 3540 liguum
1325 3449 1490 3521 ceutrale

290 3579 510 3668 subtlavum,
549 3577 664 3650 radiis
702 3575 973 3647 medullaribus
1013 3577 1212 3649 subtilibus
1246 3581 1426 3663 notatum,
1448 3576 1488 3647 in

289 3706 402 3776 latere
424 3706 572 3777 carinae
591 3701 754 3774 eorticali
770 3704 944 3794 opposito
959 3702 1179 3795 plerumque
1197 3708 1407 3775 truncatum
1425 3708 1492 3774 aut

290 3834 470 3905 excisum.

400 3959 569 4055 Sprupus.

644 4242 821 4351 Radix
846 4242 1133 4350 'laroxuui

402 4469 623 4542 Turcxmum
640 4467 822 4562 ‹fiii-inula
845 4466 943 4539 vide:
965 4465 1069 4536 Folia
1089 4466 1275 4537 'Ibrorcci

396 4599 519 4669 Radix
545 4598 752 4686 multiceps,
782 4594 1213 4683 ‹zyliudrico-lusitoruiis,
1235 4615 1348 4665 sucro
1368 4593 1488 4665 lacteo

287 4730 445 4813 scatens,
467 4726 605 4797 siccata
624 4725 752 4816 rigida
773 4722 937 4791 sructura
952 4721 1105 4811 aliquali,
1125 4720 1348 4811 plerumque
1368 4742 1488 4793 unum
