3600 5534
712 521 953 593 -167-

230 740 324 813 facie
353 738 488 831 glaber,
529 739 698 830 margine
732 738 1058 830 dentato-ciliatus,
1094 739 1227 812 coloris
1261 738 1425 829 obuncet,

232 869 400 941 subfusci
419 872 484 940 aut
504 868 676 957 castanei,
695 867 840 959 passim
859 867 1077 958 albo-grisei
1101 873 1137 940 et
1157 866 1204 939 ad
1223 866 1345 939 basim
1366 890 1425 939 ca-

231 996 473 1069 naliculatam
492 1001 534 1067 ut
551 994 754 1088 plurimum
764 993 901 1066 coloris
914 995 986 1067 albi
998 998 1034 1068 et
1044 995 1249 1087 sanguinei,
1269 995 1308 1066 in
1328 1000 1427 1067 statu

232 1124 332 1196 sicco
363 1122 639 1224 cartilagineus,
668 1122 827 1213 rigiduS,
855 1125 1042 1215 strepenS,
1071 1123 1111 1196 in
1142 1126 1243 1196 statu
1273 1122 1428 1195 humido

232 1251 433 1324 coriaceus,

340 1396 578 1470 Membranae
629 1396 854 1489 hypharum,
904 1396 1061 1469 thallum
1115 1397 1428 1488 constituentium,

236 1524 360 1596 addita
384 1523 570 1596 solutione
585 1522 665 1615 jodi
686 1545 841 1617 aquosa,
858 1524 1022 1597 colorem
1039 1525 1252 1597 caeruleum
1268 1524 1429 1597 trabunt.

233 1653 327 1723 Cum
357 1672 458 1743 aqua
491 1656 629 1740 coctus
663 1650 801 1723 Liohen
840 1650 1051 1723 islandicus
1090 1652 1274 1745 liquorem
1313 1652 1427 1725 muci-

232 1779 444 1870 laginosum
473 1799 712 1871 peramarum
739 1780 911 1872 praebet,
951 1778 1014 1872 qui
1044 1778 1137 1850 satis
1167 1786 1430 1853 concentratus

232 1911 321 1999 post
339 1906 657 1997 refrigerationem
676 1905 715 1977 in
735 1906 938 1997 gelatinam
958 1906 1041 1978 coit.

342 2050 398 2123 Sit
434 2072 539 2122 merx
574 2073 596 2121 a
630 2051 842 2143 quisquiliis
871 2057 937 2123 aut
965 2073 1181 2125 muscorum
1214 2053 1431 2144 fragmentis

234 2178 410 2250 adnuxtis
429 2178 622 2250 liberatus.

579 2630 809 2773 lignum
838 2628 1082 2769 Guajoci.

349 2854 547 2945 Greqjucum
589 2854 762 2951 officiuule
807 2854 976 2943 Lino,
1027 2856 1138 2929 arbor
1180 2856 1219 2928 in
1261 2855 1435 2929 Amerina

234 2983 388 3075 tropica,
410 2982 579 3074 inprimis
599 2983 637 3054 in
658 2982 792 3054 insulis
812 2981 1013 3056 Antillanis
1035 3005 1219 3056 crescens.
1241 2982 1434 3081 quoplyl-

235 3110 359 3181 locenc.

345 3253 1433 3349 Lignumcompactum,valdeponderosumetdurum,irre-

237 3382 472 3473 gularissime
489 3381 617 3471 fissile,
633 3382 773 3454 occurit
787 3380 826 3453 in
843 3381 1047 3473 segmentis
1065 3385 1185 3456 trunci
1197 3390 1435 3457 etramorum

236 3509 397 3601 magnis
418 3508 553 3582 cortice
576 3508 772 3599 destitutis,
793 3508 952 3581 alburno
971 3510 1109 3602 pallide
1130 3512 1309 3601 subflavo,
1327 3513 1436 3584 duran

237 3637 338 3709 mine
371 3636 718 3725 fusco-virescente,
745 3636 929 3727 resinoso,
955 3636 994 3709 in
1030 3638 1195 3712 sectione
1221 3645 1438 3712 transversa

239 3765 344 3837 zonis
370 3763 698 3854 subconcentricis,
733 3784 799 3856 per
829 3764 930 3836 vices
965 3765 1100 3839 coloris
1135 3767 1368 3839 saturatioris
1403 3772 1439 3837 et

240 3892 435 3981 dilutioris
466 3889 656 3984 punctatis
682 3890 866 3982 aperturis
895 3912 1083 3984 vasorum,
1114 3916 1242 3967 massa
1268 3894 1439 3972 resinosa

240 4019 403 4112 impletis
414 4017 599 4109 solitariis,
608 4016 800 4109 radiisque
811 4017 1081 4094 medullaribus
1092 4022 1188 4095 inter
1198 4022 1437 4115 seproximis,

241 4145 507 4219 subtilissimis.
543 4146 773 4220 calefactum
811 4146 972 4237 Lignum
1007 4146 1162 4241 Guajaci
1192 4151 1349 4224 odorem
1382 4172 1438 4221 re·

239 4274 344 4346 sinae
364 4274 533 4346 Benzoes
552 4273 703 4365 spargit.

349 4417 500 4489 Rasma
518 4417 662 4490 venalis
687 4439 735 4490 ne
755 4418 805 4491 sit
824 4420 942 4492 mixta
962 4420 1131 4494 frustulis
1161 4423 1295 4495 albidis
1322 4445 1368 4496 ex
1389 4426 1439 4495 al-

240 4547 362 4619 burno
383 4545 441 4617 vel
462 4566 480 4616 e
501 4544 613 4635 lignis
634 4545 765 4617 alienis
788 4546 1057 4623 derivantibus.

352 4688 487 4786 Species
506 4687 711 4787 Lignorum.
