3600 5534
851 528 1086 600 -13n-

810 740 1130 850 Galbanum.

676 951 993 1031 Gummi-resina
1017 951 1256 1030 Galbanum.

474 1146 617 1218 Suceus
666 1147 1002 1238 gummiresinosus
1051 1155 1135 1219 aere
1184 1147 1403 1232 iudanoma,
1436 1118 1565 1236 'quem

366 1273 528 1346 offerunt
542 1275 688 1365 species
700 1274 893 1346 lbrnlooin
905 1274 1036 1347 Persia
1047 1273 1341 1366 septemtrionali
1352 1276 1565 1360 nanceium,

366 1399 628 1472 venisimillime
649 1401 778 1472 Ferulo
807 1401 1028 1498 gulboniflno
1057 1402 1260 1474 Boissier
1289 1405 1325 1473 et
1352 1400 1499 1472 Buhse
1529 1405 1567 1473 et

366 1526 497 1598 birola
518 1527 731 1599 rubriconlio
751 1528 967 1601 Boissier.
996 1527 1242 1622 Unnbelliferue.

475 1653 625 1726 Prostat
653 1656 690 1727 in
711 1657 839 1746 grauis
860 1655 1044 1744 discretim
1078 1657 1151 1748 pisi
1171 1656 1230 1728 vel
1250 1655 1359 1728 nucis
1375 1654 1566 1746 juglandis

366 1780 632 1870 magnitudine,
672 1782 923 1872 subglobosiS,
949 1788 1057 1854 extus
1093 1781 1228 1854 eoloris
1263 1804 1283 1854 e
1319 1782 1418 1853 flavo
1452 1782 1511 1853 vel
1545 1804 1565 1852 e

366 1907 545 1981 subviridi
588 1909 851 1995 tumescentis,
904 1910 942 1982 ln
989 1909 1153 1983 fractura
1199 1909 1385 1982 conchata
1428 1909 1564 1980 eoloris

366 2036 476 2108 albidi
506 2036 564 2109 vel
589 2037 757 2124 subflavi
788 2058 895 2111 cerae
916 2038 1034 2109 instar
1053 2036 1267 2124 nitentibuS‚
1287 2022 1326 2108 in
1346 2035 1565 2128 fragmentis

367 2163 541 2235 tenuibus
568 2163 778 2255 diaphonia,
810 2165 931 2236 calore
961 2164 1275 2252 mollescentibuS‚
1296 2163 1417 2236 autin
1438 2163 1564 2254 granis

367 2289 463 2364 inter
493 2311 534 2364 se
565 2291 843 2384 conglutinatis,
871 2297 936 2364 aut
965 2292 1002 2363 in
1032 2291 1169 2363 massis
1189 2290 1392 2384 compactis
1413 2290 1565 2363 virides·

369 2417 610 2491 censionem.

476 2543 579 2616 Odor
598 2545 904 2636 gummi-resinae
919 2550 976 2617 est
990 2545 1189 2637 peculiaris
1209 2545 1447 2633 balsamicuS,
1463 2546 1564 2618 haud

369 2677 507 2762 gratum,
537 2693 651 2764 sapor
685 2672 930 2761 aromaticum
960 2673 1055 2745 acris
1085 2680 1122 2746 et
1155 2694 1316 2745 emanue.
1346 2673 1565 2746 Tritanum

369 2820 467 2891 aqua
486 2800 733 2872 emulsionem
753 2801 879 2872 albam
903 2801 1067 2893 praebet.
1095 2802 1204 2892 Aqua
1233 2799 1404 2873 Galbano
1435 2822 1564 2892 super·

367 2927 466 3012 fusa,
507 2926 635 2998 addita
668 2931 774 3018 gutta
802 2947 878 3000 una
909 2927 1132 3015 ammoniae,
1164 2929 1287 3000 colore
1322 2927 1568 3000 subeoeruleo

369 3053 572 3138 fluorescit;
586 3053 734 3126 aeidum
751 3053 1080 3143 hydrochlorieum
1093 3056 1394 3144 gummi-resinae
1407 3056 1568 3127 affusum

368 3180 471 3252 brevi
489 3185 656 3272 tempore
677 3180 841 3253 colorem
860 3201 1093 3272 pumureum
1111 3181 1241 3254 induit.

478 3309 642 3400 Eligatur
657 3331 761 3381 merx
776 3310 915 3401 purior,
932 3331 952 3381 e
968 3309 1092 3400 granis
1109 3310 1167 3381 vel
1182 3329 1202 3379 e
1218 3309 1356 3381 massis
1378 3315 1568 3396 constane,

370 3436 506 3527 quibus
544 3435 707 3527 plurima
743 3457 861 3528 grana
897 3458 993 3528 pura
1031 3435 1170 3508 insunt.
1214 3434 1491 3508 Pulvenandum
1532 3445 1569 3509 et

371 3562 634 3654 deputandum
652 3569 708 3636 est
721 3563 932 3638 Galbanum
948 3564 1081 3636 eodem
1096 3564 1209 3634 modo
1225 3569 1266 3634 ut
1281 3563 1569 3636 Ammoniacum

371 3695 408 3764 et
431 3690 511 3762 Asa
530 3689 682 3761 foetida.

477 3815 721 3911 Enepluslrnm
741 3841 969 3912 anyeroceum.

867 4099 1072 4210 (lullae.

480 4306 773 4394 Exorescentiae,
794 4306 832 4377 in
851 4305 1006 4378 ramulis
1022 4308 1212 4380 varietatis
1238 4308 1431 4381 orientalis
1458 4308 1566 4398 Qun·

371 4459 430 4506 ens
471 4431 695 4504 mailooieue
729 4434 899 4524 (Webb)
939 4435 1016 4506 ictu
1056 4434 1200 4531 Cynipis
1235 4435 1360 4507 Gallae
1387 4436 1569 4507 tinctorio

371 4560 571 4652 (Olivier)
600 4561 714 4632 laesis
749 4567 959 4651 nascenteS,
990 4562 1180 4654 globosae,
1215 4584 1332 4636 unum
1359 4563 1408 4636 ad
1436 4564 1511 4635 duo
1531 4566 1568 4635 et

370 4688 564 4761 dimidium
612 4688 830 4761 centimetra
875 4688 915 4760 in
960 4688 1157 4776 diametra,
1214 4689 1357 4763 inferne
1410 4689 1567 4782 paulum
