3600 5534
860 506 1103 579 -190—

381 725 560 818 ponderis
576 744 676 816 spec.
695 725 975 798 uum-ouen.
992 724 1070 797 Sub
1092 727 1348 816 temperatura
1367 722 1522 794 10-15Ο
1543 720 1580 793 C.

382 855 419 924 in
438 873 606 926 massam
626 853 879 943 crystallinam
899 875 946 926 ex
965 855 1069 943 parte
1097 851 1218 938 abeat,
1259 850 1297 921 in
1329 850 1480 941 spiritus
1508 847 1583 921 vini

383 982 550 1073 partibus
569 979 687 1051 tribus
706 981 868 1072 perfecte
888 979 1066 1053 solvatur.

492 1108 605 1180 Gutta
650 1126 727 1179 una
773 1108 854 1196 olei,
899 1107 937 1179 in
987 1106 1157 1179 chartam
1199 1104 1368 1177 bibulam
1415 1102 1606 1195 delapsas

384 1235 573 1307 maculam
600 1236 789 1327 pinguem,
813 1235 852 1306 in
877 1234 1009 1326 spiritu
1039 1233 1114 1305 vini
1137 1230 1376 1304 insolubilem
1404 1252 1452 1302 ne
1479 1229 1581 1302 dere-

384 1363 546 1455 linquat3
563 1362 633 1435 sub
651 1362 773 1433 calore
789 1362 932 1433 sensim
948 1364 1057 1433 aucto
1075 1357 1207 1446 avolet,
1222 1356 1374 1431 residuo
1389 1357 1448 1429 vel
1466 1343 1585 1445 nullu.

384 1490 444 1563 vel
472 1489 622 1562 nonnisi
646 1489 851 1580 perexiguo
882 1488 1027 1575 relicto;
1054 1486 1253 1561 frustulum
1290 1484 1394 1557 calcii
1427 1481 1584 1555 chlorati

384 1617 468 1705 iusi,
487 1616 780 1707 magnitudinuis
794 1615 866 1708 pisi
886 1637 971 1688 cum
992 1614 1075 1687 oleo
1096 1617 1321 1706 quassatum
1340 1632 1408 1684 uec
1429 1610 1583 1699 diffluat,

385 1766 455 1816 nec
475 1743 703 1816 emollescat.

493 1872 566 1944 NB.
593 1870 685 1943 Olea
715 1870 891 1943 aetherea
921 1869 960 1941 in
993 1888 1127 1959 genere
1161 1867 1231 1941 sub
1266 1865 1583 1959 explorationibus

385 1999 498 2071 modo
519 1987 744 2071 enumeratis
765 2019 806 2069 se
825 1996 1028 2089 praebeant
1046 1999 1088 2067 ut
1107 1995 1240 2068 Oleum
1259 1993 1374 2069 Anisi.

495 2124 633 2219 [sequor
651 2124 859 2198 Ammoniace
877 2124 1047 2196 abactas.

624 2409 807 2562 ilicum
842 2409 1090 2517 iurantii
1117 2406 1349 2516 corticis

496 2634 524 2706 E
553 2633 761 2726 pericarpio
795 2633 889 2705 Citra·
917 2632 1073 2730 vrclporis
1099 2636 1285 2724 paratum,
1311 2628 1360 2702 sit
1377 2628 1582 2721 limpidum,

386 2763 681 2849 subilavescenS‚
702 2762 826 2833 odoris
843 2761 996 2834 Corticis
1013 2761 1169 2832 Fructus
1185 2757 1355 2831 Aurantii
1373 2755 1583 2848 peculiaris

387 2890 533 2982 saporis
591 2892 695 2980 grate
753 2887 945 2961 aromatici
1001 2909 1086 2960 cum
1144 2885 1271 2978 aliqua
1323 2883 1583 2971 amaritudine,

386 3018 564 3110 ponderis
604 3037 704 3109 spec.
757 3017 887 3105 0860,
936 3016 975 3089 iu
1021 3015 1152 3107 spiritu
1216 3012 1290 3085 vini
1343 3016 1583 3085 concentrato

387 3148 494 3220 facile
514 3146 682 3251 solubile.

496 3274 636 3346 Tractu
659 3273 837 3366 temporis
860 3272 1063 3366 particulas
1092 3270 1341 3365 crystallinas
1367 3269 1403 3341 in
1424 3290 1524 3360 aqua
1549 3272 1586 3341 et

389 3402 518 3494 spiritu
538 3401 613 3473 vini
632 3400 812 3475 solubiles
832 3400 994 3494 deponit.

642 3684 824 3795 (ileum
860 3681 1107 3794 lluruntii
1131 3682 1340 3791 florum.

497 3912 525 3983 E
542 3912 696 3984 tloribus
717 3910 811 3982 Citri
824 3908 981 4005 culparis
1000 3909 1203 3997 obtentum,
1214 3928 1346 3981 recens
1364 3907 1412 3979 sit
1426 3906 1586 3995 decolor,

390 4045 510 4127 tenue,
532 4046 699 4131 tempore
720 4039 939 4125 flavescens,
960 4036 1112 4108 demum
1132 4035 1441 4122 eiusco-ssavum,
1459 4032 1586 4106 odoris

389 4169 525 4239 florum
559 4166 731 4239 Aurantii
763 4165 975 4259 peculiaris,
1011 4165 1156 4256 saporis
1189 4162 1353 4253 primum
1382 4160 1585 4249 subdulciS,

389 4302 470 4369 tum
482 4294 600 4367 aman
621 4298 658 4366 et
677 4294 784 4382 acris²
804 4292 981 4386 ponderis
1001 4312 1099 4384 spec.
1114 4312 1249 4363 versus
1265 4290 1394 4378 0890,
1415 4287 1585 4360 facillime

388 4424 427 4494 in
447 4422 576 4513 spiritu
595 4420 672 4492 vini
691 4425 931 4494 concontrato
953 4418 1122 4492 solubile.
1142 4417 1185 4490 ln
1204 4416 1438 4490 tenuioribus
1459 4414 1585 4487 stratis

389 4549 555 4622 violaceo
576 4547 700 4620 colore
720 4548 919 4622 fluorescit.

496 4676 660 4749 Mirtum
679 4674 1003 4757 oleoso-balsamico.
