3600 5534
849 521 1061 593 ..42-

358 740 562 829 vanillacei,
602 740 876 832 aliquantulum
910 739 1225 833 empyreumatioi,
1260 740 1409 832 saporis
1449 739 1556 827 acrio,

359 868 563 940 subamari.

467 995 629 1068 Solvitur
662 994 814 1087 limpide
844 995 882 1066 in
912 996 1059 1086 aequali
1096 994 1263 1088 pondere
1297 994 1450 1086 spiritus
1484 993 1559 1064 vini

359 1123 599 1196 concentrati.
630 1122 794 1195 Balsami
813 1127 940 1215 partes
969 1129 1045 1194 tres
1072 1127 1216 1214 partem
1243 1142 1358 1194 unam
1382 1122 1558 1193 carbonei

357 1251 527 1324 sulfurati
571 1251 785 1336 absorbent,
830 1251 920 1341 quin
955 1252 1163 1336 turbentur,
1197 1272 1330 1322 verum
1361 1255 1446 1322 octo
1477 1249 1559 1321 aliis

358 1378 529 1471 partibus
558 1377 639 1469 ejus
660 1378 806 1463 additis,
836 1378 963 1449 resina
983 1399 1003 1449 e
1023 1379 1129 1450 fusco
1158 1377 1266 1468 nigra
1285 1377 1557 1470 praecipitatur.

358 1505 500 1596 liquor
528 1505 613 1576 inde
640 1505 783 1578 effusus
809 1505 995 1596 limpidus,
1026 1505 1281 1594 lusco-ssavus
1311 1505 1415 1576 nullo
1444 1504 1558 1576 modo

361 1635 572 1704 iluoresoat.
636 1632 778 1703 Solulio
821 1631 984 1703 Balsami
1032 1632 1068 1702 in
1115 1632 1272 1703 benzino
1322 1631 1557 1703 exhalatione

359 1765 570 1853 spontanea
597 1759 788 1831 residuum
809 1759 1002 1830 oleaceum
1022 1759 1233 1830 subflavum
1248 1760 1412 1851 praebet,
1443 1759 1558 1851 quod,

358 1887 489 1958 leniter
505 1886 734 1973 calefactum,
752 1907 875 1976 neque
888 1885 1202 1972 Terebinthinam,
1218 1907 1340 1976 neque
1352 1887 1557 1977 Styracem,

359 2034 481 2105 neque
492 2012 711 2084 Balsamum
723 2011 1094 2104 Copaivaeredoleat.
1104 2012 1269 2084 Balsami
1279 2018 1406 2103 guttae
1418 2014 1558 2102 decem,

359 2163 444 2213 cum
472 2140 566 2213 acidi
600 2139 765 2212 sulfurioi
803 2140 1031 2212 concentrati
1060 2140 1173 2230 guttis
1201 2139 1331 2231 viginti
1366 2143 1558 2230 contritae,

358 2267 577 2340 mixtionem
595 2267 800 2358 praebeant
820 2266 1065 2357 aequabilem,
1086 2272 1267 2355 tenacem,
1297 2268 1433 2340 coloris
1454 2291 1557 2341 cera-

360 2395 447 2483 sini,
492 2415 590 2486 quae
627 2394 740 2486 paulo
781 2401 867 2486 post
908 2415 1007 2484 aqua
1040 2393 1171 2485 frigida
1210 2395 1327 2482 eluta,
1364 2397 1558 2470 residuum

359 2523 578 2610 resinosum,
594 2521 729 2612 frigore
745 2522 872 2612 fragile
887 2521 1083 2612 relinquat.
1105 2521 1199 2593 Cum
1215 2543 1315 2613 aqua
1330 2522 1559 2598 destillatum

358 2651 575 2722 Balsamum
603 2649 856 2721 Peruvianum
883 2670 930 2720 ne
960 2649 1137 2741 praebeat
1170 2649 1294 2720 oleum
1328 2651 1558 2724 aethereum.

470 2777 715 2872 Ernplastrum
739 2776 981 2873 floylioouum.
1015 2775 1257 2870 Emplastrum
1292 2779 1560 2850 Cantharidum.

361 2903 521 2976 Mimnra
540 2901 865 2976 oleoso-bolsomicu.

620 3188 929 3297 balsamum
957 3189 1299 3306 'l'olntanum

474 3412 1559 3508 Tolm'sooBolsmnnmLinn,arborindigenainAmeriea

361 3541 604 3629 meridionali,
652 3542 874 3634 praesertim
911 3542 951 3612 in
989 3541 1135 3615 civitate
1173 3543 1557 3618 Nova-Granatensi.

365 3668 622 3764 Laquminosoe.
654 3666 933 3762 Popilionuoeua

469 3795 594 3868 Massa
627 3796 685 3867 vel
722 3795 940 3885 semissuida‚
975 3796 1248 3869 terebinthinae
1282 3798 1557 3888 consistentiae,

360 3922 513 4010 viscida,
548 3922 647 3994 flava
676 3929 741 3995 aut
764 3923 1011 4016 rubro-fusca,
1040 3924 1110 4011 vel,
1139 3946 1206 4015 per
1233 3924 1380 4015 longius
1409 3929 1559 4018 tompus

360 4050 535 4141 reposita,
574 4051 702 4138 solida,
741 4051 923 4139 resinosa,
960 4050 1124 4138 friabilis
1154 4050 1349 4143 pellucido,
1380 4053 1559 4126 calefacta

361 4178 617 4266 emollescenS,
635 4178 758 4249 odoris
774 4178 940 4249 Balsami
954 4178 1153 4250 Peruviani
1169 4178 1390 4268 suavissimi,
1412 4182 1558 4273 saporis

361 4303 553 4376 subdulcis
573 4326 657 4376 cum
677 4305 749 4376 levi
771 4305 956 4377 acredine.

470 4431 523 4503 Sit
537 4431 704 4504 solubilis
719 4432 756 4503 in
773 4431 907 4522 spiritu
927 4431 1002 4502 vini
1019 4436 1270 4522 concontram,
1291 4430 1556 4507 chloroiormio

362 4563 398 4631 et
427 4559 463 4630 in
492 4559 588 4631 kalio
617 4559 900 4650 hydrooxydato
931 4559 1065 4645 soluto,
1104 4561 1171 4631 sod
1207 4581 1283 4632 non
1314 4562 1483 4634 solubilis
1517 4564 1556 4634 in

361 4685 519 4758 benzino
540 4691 577 4758 et
595 4687 634 4758 in
653 4687 841 4759 carbonen
862 4685 1056 4758 sulfurato
