3600 5534
719 534 932 606 ‚11-

454 743 670 852 acidum
699 747 1192 852 uitrico-nitrnsum.

535 937 711 1016 Aridum
735 937 924 1017 uitricum
945 937 1119 1019 fumans,

331 1095 470 1188 Liquor
497 1095 687 1189 limpidus
718 1119 737 1169 e
769 1097 884 1169 rubro
917 1098 1066 1186 fuscuS,
1101 1097 1212 1187 plane
1251 1095 1421 1184 volatilia,

224 1245 383 1316 vapores
419 1225 591 1300 emittens
631 1225 875 1314 suffocantes
903 1249 922 1297 e
952 1227 1051 1298 ssavo
1080 1226 1223 1297 rubros
1265 1225 1420 1298 Pondus

224 1351 438 1444 specificam
457 1353 654 1426 minimum
674 1353 722 1425 sit
745 1352 994 1426 lua-tau.

332 1480 584 1574 Quinquagies
604 1502 704 1572 aqua
727 1480 866 1553 dilutus
886 1481 1002 1574 baryo
1017 1479 1162 1570 nitrien,
1186 1481 1245 1553 vel
1265 1486 1419 1572 argento

223 1607 354 1680 uitrico
374 1609 435 1680 vix
453 1610 632 1682 turbetur.

332 1736 447 1808 Caute
467 1737 549 1808 loco
569 1736 702 1828 frigido
723 1742 759 1809 et
778 1737 941 1808 obscuro
962 1741 1141 1809 servetur.

481 1973 702 2166 baillum
730 2055 1163 2200 pbnspburicum.

329 2283 469 2375 Liquor
492 2282 688 2374 limpidae,
724 2282 887 2371 decolor,
922 2282 1048 2356 odoris
1069 2305 1213 2376 expers
1241 2283 1420 2377 ponderis

220 2409 384 2502 specifici
409 2411 535 2484 1094.

327 2537 491 2628 Argenta
521 2536 651 2610 uitrico
681 2536 827 2629 adjecto
857 2538 980 2629 liquor
1008 2539 1185 2630 limpidus
1215 2544 1251 2611 et
1271 2539 1421 2612 decolor

223 2672 383 2756 maneat,
417 2665 552 2757 quodsi
581 2687 669 2737 vern
701 2671 808 2737 caute
836 2665 1027 2738 ammonia
1054 2666 1290 2753 admiscetur,
1320 2666 1417 2738 sedi-

223 2798 390 2864 mentum
405 2793 545 2866 ssavum
561 2793 691 2882 nribu,
713 2793 812 2884 quad
825 2793 1157 2886 superabundante
1176 2793 1283 2865 acido
1302 2815 1421 2886 aeque

223 2940 266 2991 ac
285 2911 528 3011 superaddita
548 2921 738 2995 ammonia
755 2920 922 2994 solvitur.

330 3048 470 3140 Liquor
484 3054 639 3140 argento
653 3049 784 3121 uitrico
801 3054 836 3121 et
852 3049 1068 3120 abundante
1081 3049 1418 3120 ammoniamixtus

223 3180 334 3266 atque
351 3175 398 3246 ad
415 3175 665 3248 ebullitionem
682 3175 894 3263 calefactae,
915 3198 983 3247 nec
1000 3176 1163 3248 colorem
1176 3176 1420 3266 nigricantem

221 3303 361 3389 induat,
405 3323 528 3394 neque
571 3302 754 3394 ejusmodi
794 3303 1045 3376 sedimentum
1088 3304 1262 3397 deponat.
1310 3303 1421 3394 Aqua

222 3428 529 3521 lrydrosulfurata
547 3434 736 3502 saturatus
756 3450 803 3502 ue
823 3434 903 3501 tum
925 3431 1077 3522 quidem
1096 3431 1260 3503 colorem
1279 3432 1419 3502 ssavum

222 3556 300 3629 sive
320 3557 593 3649 nigro-fuscum
611 3556 743 3629 induat
762 3563 827 3629 aut
846 3558 1026 3646 turbetur,
1048 3559 1079 3630 si
1098 3559 1247 3649 longius
1267 3563 1419 3650 tempus

222 3705 309 3757 vase
329 3689 426 3758 tecto
451 3684 525 3757 leni
544 3684 668 3756 calore
699 3685 888 3778 repositus
918 3687 1038 3758 luerit.
1073 3685 1195 3779 Duplo
1229 3685 1419 3758 volumine

222 3832 342 3903 aquae
372 3811 509 3902 addito,
528 3833 598 3884 nec
622 3813 737 3902 baryo
756 3812 897 3900 nitrien
920 3835 988 3885 nee
1009 3812 1198 3885 ammonio
1220 3813 1363 3885 oxalicn
1384 3817 1421 3884 et

221 3939 551 4032 superabundante
580 3939 770 4012 ammonia
794 3939 921 4011 statim
944 3946 1108 4012 mutetur
1143 3945 1207 4012 aut
1243 3941 1418 4012 turbetur.

223 4065 401 4160 Sextuplo
421 4069 611 4141 volumine
633 4069 785 4161 spiritus
806 4069 882 4140 vini
902 4068 1041 4140 mixtus
1056 4068 1233 4161 limpidus
1258 4072 1418 4140 maneat.

224 4193 316 4266 Cum
336 4194 488 4267 dimidio
514 4195 702 4268 volumine
724 4193 817 4266 acidi
837 4194 1003 4267 sulfurici
1024 4195 1252 4268 concentrati
1268 4195 1420 4290 mixtus

223 4323 459 4414 superaffusa
483 4323 667 4395 solutione
694 4323 778 4394 ferri
804 4321 979 4409 sullurici‚
999 4343 1135 4394 zonam
1162 4322 1418 4395 intermediam

222 4450 369 4521 fuscam
400 4471 449 4536 ne
482 4449 620 4541 gignat.
655 4448 697 4520 ln
729 4449 867 4539 patella
898 4449 1063 4540 platinea
1100 4456 1343 4542 evaporatum
1386 4455 1421 4520 et

223 4574 460 4650 vehementer
489 4577 709 4648 calefactum
744 4576 891 4648 aeidum
930 4578 1079 4648 normisi
1101 4577 1258 4666 vestigia
1281 4575 1418 4647 residui

222 4703 417 4804 relinquat,
439 4703 541 4794 quod
560 4703 644 4794 igne
664 4724 742 4775 non
763 4705 1005 4777 consumitur.
