3600 5534
676 548 918 623 -153-

312 763 408 837 Cum
427 783 526 854 aque
551 762 739 835 destinata
768 764 1047 854 conquassatus
1076 760 1259 853 liquorem
1288 784 1395 854 prae-

203 888 301 975 beat,
318 888 380 979 qui
394 888 554 959 filtratus
570 887 706 959 coloris
722 908 867 979 expers
888 906 956 956 nec
976 906 1076 977 aque
1093 885 1399 977 hydrosulfurate

201 1019 376 1098 mutetur,
408 1034 478 1085 nec
511 1014 609 1085 ferro
645 1012 821 1085 sulfurico
861 1012 1038 1101 admixto,
1089 1014 1120 1085 si
1154 1014 1273 1087 ecido
1322 1016 1396 1087 sul·

201 1140 320 1213 turico
340 1144 581 1213 concontrato
601 1138 893 1232 superfunditur,
915 1138 1077 1211 colorem
1093 1140 1240 1213 tuscum
1256 1140 1397 1213 induet.

314 1266 487 1340 Continet
523 1266 561 1339 in
600 1273 751 1340 centum
789 1266 960 1360 partibus
999 1265 1141 1339 circiter
1184 1268 1235 1339 ud
1272 1274 1401 1361 partes

201 1394 445 1487 Hydrargyri.

503 1713 790 1855 Hydrunte!
817 1644 1101 1825 intantum.

205 1940 307 2032 Rpe:
343 1934 459 2014 infusi
479 1934 619 2014 Seuere
639 1960 718 2013 on
739 1936 862 2014 Mem
908 1946 1104 2033 praru-mota
1129 1940 1300 2035 trinpintu
1350 1940 1400 2012 30

341 2061 470 2163 Syrupi
490 2061 627 2141 Seme
648 2087 726 2140 oen
750 2062 872 2141 idem
926 2074 1128 2161 praeuncta
1143 2066 1259 2137 decern.
1353 2068 1399 2139 10

313 2210 439 2283 Misce.

613 2606 994 2747 Ichthyouollu.

651 2831 760 2911 Cotta
783 2835 965 2934 piscium.

312 3029 515 3125 Accipenser
549 3028 645 3099 Huso
679 3029 813 3118 Lirin,
836 3030 1040 3124 Accpemer
1058 3030 1214 3102 stellatus
1235 3030 1400 3119 Pallas

203 3158 409 3252 Autpmcer
441 3156 623 3228 liutherus
654 3155 790 3244 Lirin,
826 3156 996 3248 uticeque
1036 3158 1182 3249 species
1221 3159 1399 3253 Accipeu-

204 3304 344 3373 serum,
363 3282 487 3375 pisces
509 3306 611 3356 mere
630 3284 790 3374 nigrum,
810 3283 1022 3375 Caspicum,
1042 3286 1272 3379 flumineque
1298 3287 1336 3358 irr
1357 3309 1402 3359 ee

203 3432 324 3503 aquas
345 3409 575 3483 effundentia
593 3410 857 3483 inhabitantes
885 3408 1079 3483 Gouoideo.

313 3536 448 3609 Vesica
462 3538 658 3626 natatoria,
675 3539 838 3611 atuuica
854 3538 1034 3611 exteriore
1051 3538 1184 3611 orbata
1198 3545 1234 3611 et
1249 3539 1399 3619 siccata.

205 3665 243 3737 in
282 3664 442 3737 lamellis
477 3666 798 3753 subdecotoribus‚
848 3666 1058 3758 diephauiS,
1106 3667 1401 3748 iridesceutibus,

204 3791 467 3881 tenacissime,
483 3792 679 3881 flexilibus,
699 3792 1036 3881 unroco-foliarum,
1053 3814 1119 3885 per
1134 3794 1402 3884 longitudinem

204 3920 397 4010 fissilibus,
416 3920 596 4009 inodoriS,
616 3919 798 4013 insipidis

314 4047 568 4139 Ichthyocoiia
586 4048 625 4119 in
645 4070 745 4140 aqua
775 4049 977 4140 aequaliter
997 4048 1179 4132 tumescit,
1205 4036 1402 4140 evaditque

204 4175 441 4270 impollucida
460 4181 496 4247 ct
516 4176 651 4247 coloris
672 4176 762 4263 albi3
783 4176 820 4247 in
841 4199 941 4268 aqua
956 4178 1098 4248 fervide
1119 4181 1154 4246 rt
1170 4176 1301 4268 spiritu
1329 4178 1402 4249 vini

206 4328 250 4377 ex
276 4310 354 4377 toto
379 4304 456 4376 fere
482 4304 638 4376 solvitur
657 4304 695 4375 in
715 4304 897 4397 liquorem
918 4303 1123 4375 admodum
1145 4302 1402 4392 glutinantem,

206 4433 269 4526 qui
306 4436 571 4505 concentratus
611 4437 648 4503 et
694 4432 936 4522 refrigeratus
985 4430 1187 4522 gelatinam
1235 4431 1402 4521 spissum

205 4561 373 4653 praebet.

313 4704 557 4805 Emplaotmm
575 4696 821 4803 Anplctanum.
