3600 5534
892 566 1108 638 ..70-

690 865 886 977 Cortex
911 867 1137 978 llructus
1164 869 1312 987 citri.

749 1077 925 1157 Flavodo
948 1078 1113 1158 corticis
1137 1079 1244 1161 Citri.

514 1255 631 1328 Citrus
650 1253 837 1326 [Amorum
858 1255 1010 1345 Risso,
1038 1256 1151 1329 arbor
1169 1258 1208 1330 in
1226 1259 1445 1350 regionibus
1465 1261 1595 1334 calidis

397 1385 513 1458 totius
534 1383 635 1456 orbis
657 1383 766 1457 culta.
788 1381 972 1456 Rutoceoa
995 1384 1221 1457 durentiam.

506 1511 759 1603 Pericarpium
796 1532 817 1584 e
854 1509 1035 1583 fructibus
1082 1513 1239 1586 maturis
1284 1515 1509 1609 plerumque
1556 1517 1595 1590 in

396 1639 532 1714 taeniis
549 1639 751 1732 spiralibus
766 1638 977 1712 deuectum
992 1644 1029 1712 et
1043 1640 1226 1713 siccatum
1241 1647 1421 1716 constans
1437 1665 1457 1716 e
1473 1650 1593 1718 strato

397 1768 577 1841 exteriore
586 1766 982 1859 tabernulam-rugoso,
998 1790 1017 1839 e
1033 1767 1213 1842 subfusco
1223 1770 1332 1859 flavo,
1346 1771 1493 1846 lacunis
1511 1773 1593 1846 oleo

396 1896 571 1969 aethereo
599 1894 749 1987 repletis
781 1899 959 1983 scatente,
995 1895 1212 1985 aromatico,
1250 1896 1451 1971 subamaro
1485 1904 1594 1972 etex

396 2027 515 2096 strato
533 2022 707 2095 interiore
727 2022 945 2114 spongioso,
971 2023 1068 2112 albo,
1087 2022 1245 2096 inodoro
1258 2007 1304 2097 ⁴et
1322 2026 1398 2098 fere
1417 2026 1593 2118 insipido,

396 2150 497 2244 quod
516 2149 785 2223 removendum
805 2154 875 2222 est.

503 2280 612 2374 Aqua
626 2277 870 2350 carminatioa.
891 2276 1072 2349 Decoetum
1088 2278 1352 2375 Sursapcrittoe
1370 2281 1592 2377 compositum-

393 2406 523 2477 mitica
547 2404 704 2500 Spiritus
723 2405 943 2477 aromaticus.

758 2724 952 2835 Cortex
978 2723 1222 2845 bracati.

501 2949 639 3022 Portica
660 2951 859 3023 Graculum
874 2950 1005 3040 Lina,
1022 2952 1133 3024 arbor
1147 2953 1184 3025 in
1200 2953 1350 3027 Oriente
1366 2961 1589 3048 spontanea,

390 3080 429 3152 in
449 3079 600 3172 Europa
618 3079 852 3152 meridionali
872 3079 982 3152 culta.
1006 3078 1211 3174 Memorem.

500 3207 635 3282 Cortex
655 3207 775 3280 trunci
791 3211 829 3278 et
847 3228 1037 3279 ramorum
1055 3208 1226 3283 siccatus.
1247 3211 1384 3283 Frusta
1400 3211 1588 3283 canalicu-

390 3337 466 3409 lata
486 3339 551 3407 aut
569 3336 770 3408 convoluta
788 3355 912 3427 usque
932 3335 981 3406 ad
1000 3336 1076 3408 duo
1096 3336 1296 3410 decimano
1314 3337 1440 3429 longa,
1468 3359 1588 3410 unum

390 3462 437 3536 ad
454 3463 528 3535 duo
547 3463 759 3535 millimelra
773 3483 910 3550 crassa,
922 3463 1027 3550 levia,
1038 3463 1192 3554 fragilia,
1208 3465 1245 3536 in
1261 3464 1424 3537 fractura
1438 3465 1586 3557 aequali

388 3591 571 3680 subflavo,
591 3591 629 3662 in
647 3590 760 3663 latere
780 3589 964 3662 exteriore
988 3590 1192 3681 subgrisea,
1217 3613 1285 3685 per
1310 3592 1585 3683 longitudinem

386 3719 490 3812 rugis
511 3717 698 3790 suberinis
718 3716 870 3789 elevatis
885 3717 1123 3790 ssavo-fuscis
1142 3717 1296 3810 trajecta
1311 3724 1348 3792 et
1362 3719 1584 3811 plerumque

386 3847 591 3940 apotheciis
625 3846 762 3938 parvis,
792 3845 910 3938 nigris
939 3845 1145 3919 residuisve
1175 3845 1278 3917 thalli
1310 3845 1498 3918 lichenum
1528 3846 1582 3918 in-

386 3979 539 4062 structa,
569 3973 607 4045 in
627 3974 741 4046 latere
761 3973 934 4046 interiore
954 3973 1084 4060 laevia,
1113 3973 1213 4046 flava
1239 3980 1303 4045 aut
1331 3971 1583 4062 rubro-lusca,

383 4103 421 4175 in
466 4102 632 4174 sectione
680 4106 900 4174 transversa
949 4101 1020 4173 sub
1067 4101 1166 4172 lente
1213 4101 1320 4174 lineis
1369 4100 1579 4173 tenerrimis

382 4230 583 4303 tessellata.

492 4357 625 4430 Cortex
653 4355 800 4442 radicis
839 4355 952 4427 etiam
982 4355 1229 4444 adhibendus
1268 4355 1418 4447 saepius
1443 4355 1583 4427 mixtus

382 4486 508 4559 cortici
550 4484 671 4558 trunci
708 4504 976 4575 ramorumque
1023 4484 1060 4554 in
1106 4488 1321 4555 mercatura
1367 4503 1581 4573 occurreuS,

383 4613 659 4706 dignoscendus
678 4615 735 4683 est
748 4611 878 4684 trustis
895 4611 1141 4684 communiter
1155 4611 1361 4683 minoribus
1376 4610 1581 4702 subplaui8‚

384 4762 462 4816 non
479 4762 565 4814 raro
584 4738 788 4813 recurvatis
808 4746 844 4812 et
864 4737 1059 4831 superficie
1083 4738 1229 4810 interna
1254 4739 1383 4810 assula
1407 4736 1495 4830 ligni
1515 4737 1581 4809 ad-

1768 1498 1772 1587 i
