3600 5534
870 496 1108 570 -19a-

669 818 856 929 (ileum
882 817 1308 960 camphoratum.

389 1062 493 1155 Rpe:
530 1058 751 1161 tta-pierre
771 1060 809 1135 ὶι
830 1059 1017 1158 putrere·
1037 1055 1215 1135 tortirac

823 1193 1023 1284 qrammata
1044 1186 1171 1282 viyinti
1190 1187 1343 1282 quinque
1537 1190 1586 1261 υ25

391 1318 494 1391 solve
514 1319 669 1391 terendo
689 1317 727 1389 in

527 1440 603 1520 Mei
625 1442 747 1520 (iiim
828 1442 997 1540 matianis
1015 1441 1237 1537 septaaqtnta
1256 1440 1408 1537 quinque
1539 1442 1586 1515 75

391 1578 428 1643 et
445 1572 553 1644 tiltra.

794 2000 982 2111 (iteum
1008 1999 1186 2108 Garri.

501 2226 720 2300 Eiructibus
732 2226 840 2297 Carvi
859 2230 1032 2317 paratum
1058 2224 1107 2297 sit
1126 2223 1276 2297 decolor
1287 2229 1353 2296 aut
1364 2224 1588 2313 subflavum,

392 2362 512 2442 tenue,
546 2353 724 2447 temporis
757 2357 878 2425 tractu
911 2352 1083 2445 spissiuS,
1127 2351 1252 2423 odoris
1286 2352 1444 2429 Fructus
1480 2352 1588 2425 Carvi

391 2481 601 2575 peculiariS,
635 2480 780 2572 saporis
814 2478 1023 2567 aromatici,
1054 2478 1243 2568 subacriS,
1277 2480 1456 2571 ponderis
1486 2501 1586 2573 sper.

393 2610 522 2697 0910,
542 2607 581 2680 in
602 2606 733 2700 spiritu
752 2605 829 2679 vini
848 2605 1021 2678 facillime
1043 2606 1210 2679 solubile.

501 2735 635 2807 Oleum
661 2734 781 2821 Garri,
811 2754 897 2806 eum
927 2733 1074 2826 aequali
1096 2734 1302 2825 quantitate
1333 2734 1488 2826 spiritus
1513 2734 1588 2807 vini

393 2865 632 2937 concentrato
653 2862 822 2950 dilutum,
843 2866 951 2953 gutta
969 2882 1047 2934 una
1065 2860 1151 2934 ferri
1175 2860 1460 2955 sesquichlorati
1475 2860 1588 2933 soluti

392 2988 531 3080 addita,
553 2991 717 3063 colorem
736 2989 1019 3062 subviolaceum
1038 2989 1098 3062 vel
1117 2990 1378 3063 rubescentem
1397 2990 1522 3062 trahit.

633 3418 819 3529 (ileum
846 3419 1346 3563 Oaryophyliarum.

502 3665 530 3737 Ε
551 3663 810 3757 Caryophyllis
829 3668 1023 3755 paratum,
1044 3662 1093 3735 sit
1110 3662 1317 3754 limpidum,
1353 3662 1505 3735 decolor
1530 3664 1588 3735 vel

389 3815 524 3889 parum
544 3793 766 3880 flavescens,
787 3791 915 3863 odoris
936 3790 1235 3881 fragrantissimi,
1265 3788 1414 3881 saporis
1444 3790 1587 3863 urentis

392 3920 596 4008 aromatici,
623 3916 801 4012 ponderis
833 3938 933 4011 spec.
964 3910 1267 4005 toto-totto,
1292 3918 1330 3989 in
1355 3917 1488 4010 spiritu
1513 3918 1587 3993 vini

391 4070 556 4122 necnon
576 4048 613 4120 in
642 4046 748 4120 acido
769 4046 909 4119 acetieo
930 4049 1169 4119 concentrato
1190 4044 1296 4119 facile
1317 4044 1552 4119 solvendum.

499 4176 609 4269 Aqua
637 4174 791 4262 fervida,
810 4195 896 4246 eum
924 4172 1017 4246 Oleo
1045 4172 1380 4267 Caryophyllorum
1401 4193 1587 4267 conquas-

391 4309 487 4392 sata,
502 4304 728 4376 reactionem
744 4299 889 4373 acidam
900 4322 948 4372 ne
963 4301 1153 4393 praebeat,
1169 4305 1257 4393 post
1271 4300 1589 4392 refrigerationem

392 4451 493 4525 aqua
506 4430 660 4523 limpida
680 4428 831 4516 filtrata,
848 4433 955 4519 gutta
970 4450 1046 4502 una
1060 4429 1146 4502 terri
1170 4428 1460 4522 sesquichlorati
1479 4428 1589 4501 soluti

393 4560 530 4647 addita,
552 4557 716 4630 colorem
736 4558 953 4628 caeruleum
972 4556 1029 4629 vel
1049 4556 1205 4629 viridem
1224 4577 1271 4627 ne
1291 4553 1427 4628 trahat.

503 4685 666 4758 Mixtura
685 4683 1011 4756 oleoso-balsamita.
