3600 5534
864 542 1100 617 -036-

742 756 944 865 llosino
969 755 1208 890 duniaci.

494 977 696 1072 Guujocum
715 979 898 1075 officeinolc,
920 980 1022 1052 vide:
1044 978 1200 1076 Lipnum
1222 978 1385 1077 Guajoci.

488 1107 631 1179 Suceus
646 1108 853 1198 resinosus,
870 1130 915 1180 ex
931 1108 1062 1180 arbore
1074 1113 1207 1200 sponte
1219 1109 1278 1180 vel
1289 1114 1366 1181 arte
1382 1108 1578 1180 vulnerata

379 1256 550 1325 manans,
568 1240 655 1306 altre
669 1234 866 1309 induratus
886 1241 951 1308 aut
970 1235 1214 1327 decoquendo
1234 1236 1293 1308 vel
1313 1234 1577 1328 eliquescendo

380 1361 583 1435 duraminis
622 1362 806 1452 obtentus,
844 1362 1005 1435 occurrit
1041 1363 1154 1435 modo
1192 1364 1230 1435 in
1258 1364 1382 1455 granis
1412 1362 1578 1455 globosis

380 1489 693 1581 subglobosisque
722 1490 844 1561 variae
873 1490 1146 1581 magnitudinis
1167 1492 1280 1563 modo
1298 1492 1336 1563 in
1355 1490 1494 1563 massis
1515 1489 1576 1561 de-

379 1617 558 1689 formibus
578 1616 878 1708 nigro-viridibus
904 1617 1153 1707 subbadiisve‚
1178 1624 1287 1691 extus
1306 1619 1459 1711 pulvere
1489 1618 1576 1691 sub-

379 1743 484 1815 viridi
499 1746 720 1837 conspersis
740 1745 852 1834 duris
865 1745 1067 1839 fragilibus,
1088 1746 1251 1819 fractura
1260 1746 1377 1819 vitreo
1394 1748 1525 1837 nitore,
1542 1746 1579 1816 iu

379 1871 566 1963 particulis
587 1872 845 1945 minutissimis
865 1873 1067 1965 pellucidis,
1096 1872 1231 1965 pallide
1255 1872 1578 1962 viridi-subfusus

380 1999 528 2089 soporis
558 2000 743 2088 subacriS,
764 2001 1019 2090 arnaricantis,
1058 2000 1183 2071 odoris
1209 2001 1418 2092 peculiaris¹
1435 1999 1579 2089 debilis,

381 2126 452 2199 sub
473 2126 594 2199 calore
613 2128 733 2217 magis
755 2128 987 2217 emergentis.

489 2254 628 2326 Resina
659 2255 697 2325 in
730 2255 921 2346 pulverem
955 2256 1108 2327 redacta
1145 2255 1314 2345 albescit,
1358 2254 1579 2327 substantiis

381 2381 632 2471 oxydantibus
656 2382 842 2454 viridescit
861 2388 926 2453 aot
946 2381 1181 2462 caerulesoit;
1207 2382 1362 2453 solvitur
1380 2382 1417 2454 in
1448 2383 1578 2475 spiritu

300 2526 303 2529 ’
380 2508 453 2579 vini
474 2510 714 2580 eoncentrato
735 2514 771 2582 et
789 2510 885 2580 kalio
906 2492 1201 2601 bydrooirydato.

492 2635 671 2706 Tinctum.

598 3070 925 3185 Rectam
960 3076 1357 3210 Jalapae.

381 3310 480 3401 Rpe:
497 3302 798 3410 Radioishlapac
810 3309 1064 3391 rutlilcrtustc
1073 3319 1274 3409 pneumatio
1286 3314 1485 3409 qreiupcniu.
1499 3315 1576 3385 500

489 3436 723 3510 Infundeudo
745 3462 830 3511 cum

489 3564 612 3663 lqno'
628 3563 791 3643 fervidae
811 3590 843 3663 q.
861 3592 889 3640 s.

381 3714 531 3765 tnacera
550 3715 617 3783 per
636 3699 713 3765 tres
734 3694 821 3782 dies
843 3695 927 3766 dein
948 3695 1111 3787 exprime
1132 3702 1168 3769 et
1187 3697 1296 3768 sicca.

488 3820 639 3892 Siccatis
660 3821 809 3893 affunde

515 3942 674 4043 Spiritus
694 3944 772 4023 llll
792 3950 1018 4027 connubiali
1037 3958 1239 4047 prolatando
1259 3952 1358 4022 irrito.
1476 3950 1576 4021 1000

486 4075 579 4147 Post
597 4076 841 4165 digestionem
859 4098 926 4167 per
945 4076 1068 4167 viginti
1087 4086 1247 4169 qrratuor·
1267 4080 1380 4150 boras
1397 4078 1575 4168 liquorem

380 4204 550 4292 deiende,
579 4203 770 4275 residuum
790 4225 1010 4297 expressum
1032 4229 1112 4278 cum
1145 4208 1297 4299 spiritus
1324 4206 1399 4279 vini
1418 4226 1575 4277 coricen-

379 4333 461 4403 trati
483 4331 615 4401 eadem
637 4330 841 4421 quantitate
861 4333 985 4405 denuo
1017 4334 1138 4423 digere
1160 4340 1195 4405 et
1214 4334 1312 4404 lianc
1333 4332 1576 4423 digestionem

379 4460 577 4531 tertiavice
594 4465 729 4549 repete.
760 4459 1173 4533 Atincturisliltratiset
1195 4460 1402 4533 conunixtis
1428 4460 1577 4553 spiritus

381 4585 451 4656 vini
478 4586 515 4655 in
532 4586 666 4657 balneo
687 4609 806 4677 arrone
824 4587 1047 4659 destillarido
1070 4596 1271 4683 separetur.
1291 4590 1497 4660 llesiduum
1512 4588 1575 4657 im-

378 4712 479 4785 mitte
496 4714 534 4783 in
554 4735 690 4803 aquam
706 4716 930 4787 destillatam
946 4716 1161 4788 bullientem
1182 4724 1217 4789 ot
1236 4716 1577 4809 coque,utspiritus
