3600 5534
848 524 1006 597 -ulc
1051 568 1085 579 -

473 738 622 813 Semina
636 742 796 833 perfecte
816 746 963 816 matura
982 745 1131 829 siccata,
1152 744 1393 836 subglcbcsa,
1415 744 1489 817 duc
1514 747 1563 819 ad

362 868 431 940 tria
450 867 661 941 rnillimetra
678 868 718 941 in
738 870 931 958 diametra
943 871 1024 943 basi
1045 871 1561 964 strophiolasubacuminata‚

364 994 611 1085 albuminosa,
640 994 741 1087 dura
760 1001 860 1069 testa
879 1002 988 1071 extus
1009 1020 1136 1091 opaca,
1156 1000 1406 1088 rubro-fusca,
1426 1000 1560 1074 delica-

363 1121 507 1194 tissime
544 1122 732 1196 foveolato
749 1165 761 1177 ·
777 1129 967 1216 punctata.
1011 1126 1173 1219 Embryo
1210 1148 1371 1219 parvum
1426 1132 1562 1219 rectus

364 1249 574 1323 continetur
615 1255 721 1343 parte
768 1253 961 1344 periferica
1006 1253 1204 1327 albumiuis
1252 1254 1381 1344 solidi,
1421 1254 1560 1347 griseo-

364 1376 495 1469 albidr'‚
551 1378 696 1469 comei,
743 1379 819 1453 fere
867 1380 1098 1455 exadversus
1153 1360 1409 1474 strophiolam.
1469 1384 1566 1456 Sunt

364 1505 510 1597 saporis
538 1505 724 1599 peramari
752 1512 789 1580 et
816 1507 930 1595 acris;
960 1514 1066 1582 caute
1094 1530 1164 1583 nec
1192 1510 1290 1583 ultra
1317 1530 1459 1583 annum
1488 1530 1564 1584 ser·

363 1633 499 1707 vande.

476 1758 656 1834 linctum.
689 1755 824 1834 Wuum.

701 2159 891 2269 Semen
920 2160 1212 2303 cydoniae.

482 2382 643 2480 Cydonia
671 2384 827 2481 vulyuric
855 2385 1069 2475 Persoon,
1100 2387 1211 2459 arbor
1234 2388 1272 2459 in
1292 2386 1442 2461 Oriente
1470 2384 1565 2461 indi·

367 2533 473 2604 gena,
495 2511 594 2603 apud
614 2531 685 2583 nos
706 2511 882 2603 frequens
903 2514 1011 2586 culta.
1031 2513 1215 2586 Rosaceue.
1236 2515 1394 2586 Pomona.

476 2638 627 2712 Semina
637 2638 775 2713 siccata
788 2661 855 2732 per
869 2640 977 2733 plura
993 2642 1256 2734 conglutinata,
1273 2644 1444 2736 uberate,
1465 2667 1565 2717 com·

365 2788 508 2860 pressa,
537 2767 714 2858 angulata
743 2773 807 2840 aut
831 2773 1000 2860 cuneata,
1030 2769 1291 2861 subtriquetra‚
1325 2772 1565 2863 acutiuscula,

366 2895 531 2988 quinque
552 2894 599 2967 ad
619 2898 704 2967 octo
724 2895 934 2967 millimetra
950 2897 1071 2988 longa,
1091 2902 1189 2971 testa
1218 2904 1325 2971 extus
1352 2920 1372 2971 e
1401 2900 1566 2973 violaceo

363 3024 480 3113 fusca
513 3022 774 3095 membranula
811 3022 945 3114 albida,
983 3044 1102 3115 opaca
1138 3025 1297 3116 obtecta,
1332 3026 1511 3123 epithelio
1546 3049 1565 3100 e

367 3148 508 3222 cellulis
528 3149 742 3241 composito
767 3172 918 3223 mucum
942 3151 1137 3244 copiosum
1163 3153 1447 3245 includentibus
1469 3174 1566 3245 quae

366 3277 524 3349 humore
543 3276 680 3349 hausto
706 3281 925 3368 turgescunt
949 3284 985 3352 et
1009 3300 1097 3353 mox
1116 3279 1285 3373 diruptae
1304 3280 1567 3372 mucilaginem

368 3404 547 3494 emittunt,
573 3426 688 3496 quare
713 3406 857 3478 semina
881 3406 1036 3499 integra,
1057 3428 1156 3499 aqua
1174 3406 1401 3499 humectata,
1426 3407 1569 3482 lubrica

366 3532 462 3605 fiunt
481 3536 516 3604 et
535 3552 621 3605 cum
644 3554 745 3624 aqua
768 3538 1034 3627 conquassata,
1057 3535 1239 3627 liquorem
1257 3535 1568 3639 mucilaginosum

365 3660 557 3753 praebent„

476 3784 664 3885 Madaya.

792 4110 982 4221 Semen
1008 4110 1141 4222 bini.

473 4334 606 4407 binum
621 4334 896 4410 usitatissimum
910 4337 1042 4430 Linn.‚
1066 4338 1196 4430 planta
1214 4359 1352 4429 annua,
1373 4338 1474 4430 apud
1494 4359 1567 4413 nos

365 4461 665 4555 frequentissime
686 4465 797 4539 culta.
818 4462 1003 4538 bianum.

473 4591 624 4665 Semina
634 4596 758 4685 ovata,
770 4614 998 4686 compressa,
1009 4592 1176 4684 margn'ne
1187 4595 1392 4686 attenuata,
1403 4597 1567 4687 quatuor

364 4719 412 4790 ad
435 4719 597 4812 quinque
618 4721 827 4794 millimetra
855 4720 976 4812 longa,
1006 4744 1027 4792 a
1047 4720 1161 4793 latere
1186 4719 1300 4811 apicis
1321 4720 1455 4811 obtusi,
1476 4723 1564 4795 sub-
