3600 5534
849 495 1048 568 ..Χ-

459 710 504 798 O.
529 713 576 799 R.
610 713 909 825 Ministerium,
950 714 1020 802 cui
1059 742 1259 829 suprema
1290 713 1545 802 valetudinis

351 877 548 994 publicae
573 907 674 965 cura
697 879 838 966 delata
861 891 937 990 est,
961 887 1062 967 voto
1080 881 1166 966 hoc
1188 878 1352 988 fultum,
1377 877 1547 966 ordina-

349 1043 409 1128 vit
442 1071 601 1127 novam
632 1045 1037 1160 pharmacopoeam,
1068 1071 1179 1160 quae
1203 1040 1422 1129 desideriis
1445 1044 1546 1131 artis

349 1205 543 1292 medicae
567 1236 680 1292 nunc
722 1206 967 1322 vigentibus
1007 1237 1144 1324 aeque
1183 1236 1238 1322 ao
1273 1208 1546 1294 scientiarum

349 1369 604 1456 naturalium
627 1372 926 1487 progressibus
966 1372 1181 1480 satisfacit,
1223 1401 1318 1459 esse
1357 1373 1546 1460 conscri-

350 1533 545 1622 bendum.

458 1701 589 1786 Huno
623 1702 666 1786 in
700 1701 829 1788 finem
864 1701 1109 1816 Collegium
1148 1699 1348 1817 speciale,
1388 1703 1546 1789 consti-

347 1872 486 1950 tutum
531 1893 554 1951 e
603 1865 855 1950 consiliariis
900 1865 945 1951 in
988 1865 1174 1980 negotiis
1214 1865 1404 1951 sanitatis
1442 1895 1544 1981 prae

350 2028 527 2114 caeteris
549 2028 868 2144 disciplinarum
886 2029 1050 2116 adrem
1079 2015 1362 2145 spectantium
1385 2031 1541 2142 gnaris,

349 2201 390 2278 et
429 2221 483 2278 ex
522 2193 868 2310 pharmacopolis
914 2224 937 2279 e
983 2193 1149 2307 gremio
1194 2193 1544 2308 pharmaceutico

352 2355 674 2444 Vindobonensi
704 2356 893 2467 delectis,
934 2356 1184 2444 mandatum
1211 2357 1308 2445 tulit
1345 2353 1545 2444 omnibus

349 2521 601 2636 prospicere,
628 2549 737 2638 quae
761 2521 804 2606 in
823 2521 1038 2607 exaranda
1059 2549 1174 2608 nova
1198 2521 1547 2637 pharmacopoea

346 2684 732 2772 animadvertenda
786 2695 884 2773 sunt
939 2696 992 2796 et,
1054 2695 1101 2772 ut
1160 2684 1282 2773 labor
1344 2713 1544 2800 prospere

348 2847 604 2958 strocederet,
652 2849 866 2965 simulque
917 2857 1017 2964 apta
1055 2847 1109 2936 ad
1152 2878 1244 2936 reru
1282 2847 1544 2936 concinnitas

341 3013 603 3126 judiciorum
658 3022 964 3129 assequeretur,
1020 3013 1227 3130 principia
1270 3023 1312 3099 et
1359 3013 1544 3100 rationes

347 3177 483 3264 labori
506 3186 737 3293 suggestae
761 3178 804 3261 in
828 3179 1136 3264 commentario
1166 3207 1391 3293 exponere,
1432 3207 1542 3294 quae

347 3341 535 3428 ulteriori
549 3339 844 3428 deliberationi
862 3342 985 3457 quasi
1002 3341 1326 3428 fundamentum
1339 3341 1543 3427 inservire

349 3506 520 3622 possint.

456 3669 701 3785 Collegium
724 3670 911 3787 speciale
952 3669 1239 3758 desideratum
1278 3679 1543 3756 commenta-

346 3837 457 3921 rium
497 3865 580 3920 una
617 3863 717 3920 cum
756 3833 946 3920 elenchis
971 3833 1317 3942 medicaminum,
1360 3834 1544 3950 quaein

346 4028 504 4087 novam
569 4001 963 4114 plrarmacopoearn
1024 3997 1270 4113 recipienda
1332 4008 1374 4084 et
1434 4027 1543 4114 quae

346 4162 582 4250 omittenda
627 4172 779 4272 essent,
826 4162 1080 4277 composuit,
1128 4161 1245 4276 quod
1283 4191 1311 4248 a
1350 4162 1541 4248 Consilio

347 4329 616 4442 negotiorum
662 4327 852 4414 sanitatis
897 4355 1097 4441 supreuro
1150 4325 1476 4442 comprobatum
1519 4355 1547 4412 a

346 4495 391 4581 O.
413 4495 459 4578 R.
485 4492 721 4578 Ministerio
745 4493 913 4607 imperii
937 4489 1229 4604 gubernacula
1248 4492 1291 4575 in
1314 4491 1458 4604 regnis
1490 4517 1542 4576 ac

345 4657 573 4776 provinciis
599 4653 859 4742 Tonantibus
883 4657 1180 4741 transmissum
1203 4654 1290 4764 fuit,
1331 4665 1378 4742 ut
1405 4654 1546 4742 consi·
