3600 5534
705 567 914 640 -55-

212 781 455 856 haerentibus
470 783 585 876 priva,
601 784 672 856 sub
691 787 944 876 temperatura
963 786 1035 857 15⁰
1053 805 1131 858 non
1146 784 1409 876 submergitur,

213 910 462 983 adulterinam
481 933 649 985 censeas

322 1038 416 1112 Cum
430 1037 596 1112 centenis
611 1039 779 1130 partibus
799 1039 953 1132 spiritus
969 1041 1044 1112 vini
1061 1040 1289 1112 concontrati
1304 1045 1411 1112 cocta

150 1173 154 1182 '
212 1167 395 1258 liquorem
431 1168 624 1260 praebeat,
664 1166 727 1259 qui
765 1174 852 1261 post
888 1168 1212 1258 refrigerationem
1249 1167 1410 1240 filtratus

213 1295 382 1368 chartam
410 1295 699 1388 exploratoriam
724 1296 937 1368 caeruleam
966 1302 1031 1369 aut
1055 1318 1211 1390 prorsus
1243 1316 1320 1368 nou
1346 1301 1412 1369 aut

214 1423 402 1496 levissime
418 1421 570 1496 nonnisi
585 1422 768 1494 rubefacit
782 1429 817 1495 et
833 1424 1043 1516 quadrupla
1063 1425 1270 1516 quontitate
1291 1444 1411 1515 aquae

214 1551 422 1625 destillatae
449 1549 586 1622 dilutus
611 1570 688 1623 non
712 1549 885 1624 turbidus
912 1551 1046 1624 evadit.
1075 1551 1169 1624 Pars
1189 1573 1265 1624 una
1285 1551 1411 1638 Cerae,

215 1699 301 1750 cum
329 1677 506 1751 tricennia
534 1677 705 1771 partibus
734 1677 887 1770 spiritus
913 1676 990 1750 vini
1019 1677 1121 1751 diluti
1151 1677 1279 1750 addita
1307 1681 1412 1770 parte

214 1827 291 1880 una
309 1805 420 1878 natrii
446 1805 635 1878 carbonici
663 1804 753 1878 sicci
782 1809 898 1896 cocta,
927 1806 1112 1898 liquorem
1130 1806 1318 1898 praebeat,
1348 1805 1413 1897 qui

215 1935 325 2027 plane
343 1935 582 2026 refrigeratus
604 1940 640 2007 et
663 1934 833 2022 filtratus,
864 1933 971 2005 acido
991 1933 1277 2024 hydrochlorico
1307 1953 1412 2024 prae-

217 2062 411 2154 cipitatum
429 2085 477 2136 ne
498 2063 644 2136 efficiat.

329 2189 490 2262 Ceratum
526 2189 664 2261 Cetocei.
696 2187 937 2282 Ernplustrum
965 2187 1137 2260 Ceruaaaa
1164 2185 1282 2284 bapt.
1310 2211 1413 2282 supo-

215 2325 344 2390 natam.
381 2317 599 2414 Unquentuur
631 2315 812 2388 emolliens.
858 2314 945 2410 [ἶνις.
979 2313 1121 2386 Plumti
1153 2317 1279 2387 arctici.
1328 2310 1416 2410 Unq.

214 2453 380 2520 rosatum.
408 2445 495 2542 an.
515 2445 667 2540 malpha.
695 2443 782 2542 Uuq.
806 2444 908 2516 Ziuci
926 2441 1080 2538 orydutc'.

653 2767 792 2878 Gora
816 2767 981 2874 flava.

327 2994 382 3066 Sit
400 2993 535 3089 frigore
554 2995 738 3064 fracturae
769 2990 1003 3083 granulosae,
1035 3008 1171 3079 parum
1190 2993 1315 3074 tenax,
1346 2985 1416 3059 sub

217 3143 353 3196 manus
375 3122 496 3194 calore
515 3119 749 3207 mollescens,
776 3119 902 3192 odoris
922 3114 1055 3202 mellei,
1075 3115 1146 3186 sub
1164 3119 1419 3207 temperatura

220 3253 270 3326 63
302 3251 350 3324 ad
371 3250 446 3322 64Ο
473 3249 668 3341 liquescat,
697 3247 736 3318 in
765 3245 936 3340 partibus
964 3243 1140 3316 trecentis
1169 3241 1323 3334 spiritus
1343 3241 1419 3314 vini

220 3378 450 3453 concentrati
469 3375 658 3449 bullientis
684 3374 819 3465 exiguo
847 3372 999 3445 nonnisi
1023 3370 1174 3443 residuo
1193 3368 1323 3440 relicto
1343 3368 1418 3440 sol-

220 3513 339 3595 vatur,
361 3512 549 3578 caeterum
567 3510 609 3575 ut
629 3502 723 3574 Cera
742 3501 830 3574 alba
848 3520 888 3572 se
909 3499 1098 3592 praebeat.

334 3633 494 3704 Caralim
525 3630 685 3724 furscum.
734 3627 974 3722 Emplastrum
1016 3624 1255 3698 adauctivum.
1301 3619 1417 3716 Empl.

226 3759 490 3834 Cantharidum.
511 3757 627 3853 liupr.
655 3758 765 3830 Gonu.
786 3754 901 3850 Empl.
923 3753 1120 3850 Diaclyloa
1135 3774 1281 3846 compar.
1301 3748 1419 3844 Empl.

221 3887 374 3962 Melitou.
397 3887 514 3983 Eanpl.
530 3886 646 3958 Minu.
663 3883 779 3980 Ernpl.
797 3905 1026 3979 ocyoromum.
1050 3878 1267 3976 Unquentum
1282 3901 1420 3948 oroma·

222 4001 335 4072 ticum.
363 3996 450 4094 Urqq.
472 3996 648 4090 lantpert.

568 4280 821 4389 Ceratum
841 4274 1073 4390 Cetacci.

222 4473 320 4568 Rpe:
352 4468 584 4548 Geraestico

351 4599 489 4677 tetaeei

352 4725 429 4805 (ilci
445 4723 718 4824 Anygtlnlarttn
839 4719 886 4792 uu
904 4723 1100 4816 qrurumuto
1119 4721 1258 4786 rentum.
1347 4712 1424 4784 100
