3600 5534
862 552 1102 625 -256-
1203 590 1206 593 ·

657 894 889 1038 Spiritus
916 894 1037 1003 llini
1063 893 1296 1036 dognoo.

487 1138 516 1209 Ε
536 1138 623 1210 vino
641 1136 887 1210 destillatione
902 1141 1055 1229 paratus
1077 1136 1125 1209 sit
1139 1135 1472 1227 limpiduS,coloris
1492 1134 1578 1207 llari

378 1270 443 1337 aut
476 1286 496 1337 e
530 1266 627 1337 llavo
656 1265 760 1353 fusci,
795 1262 920 1337 odoris
955 1268 992 1336 et
1024 1263 1170 1357 saporis
1204 1262 1343 1351 suario,
1378 1262 1578 1355 spirituosi,

377 1398 517 1479 neuter,
536 1392 715 1484 ponderis
736 1390 899 1484 specifici
919 1391 1226 1464 daea-0920.

487 1520 541 1593 Sit
569 1519 616 1591 ab
636 1518 805 1591 alcohole
834 1517 992 1609 amylico
1012 1518 1123 1611 plane
1142 1518 1234 1591 liber
1262 1522 1299 1590 et
1323 1515 1512 1590 contineat
1539 1516 1578 1589 in

378 1654 527 1720 centum
564 1644 741 1739 ponderis
774 1644 944 1737 partibus
978 1646 1224 1737 quadraginta
1257 1643 1422 1737 quinque
1456 1665 1577 1736 usque

352 1774 354 1779 ’
379 1776 648 1867 quinquaginta
667 1773 843 1866 ponderis
863 1776 990 1865 partes
1010 1772 1204 1846 alcolrolis.

494 1900 622 1975 Vinum
646 1900 786 1973 datrae.

379 2353 732 2464 Stadium
757 2351 1577 2466 Halm-carrariam.

465 2580 631 2659 Kalium
659 2579 1048 2659 stibio-tartaricum.
1071 2581 1265 2658 Tartarus
1289 2579 1498 2659 amedeus,

770 2726 964 2806 Tartarus
986 2725 1186 2804 stibiatus.

490 2938 662 3031 Crystalli
697 2939 947 3029 tetraedricae,
975 2940 1092 3030 albae,
1113 2946 1199 3011 ae're
1234 2938 1468 3028 fatiscenteS,
1499 2938 1578 3011 sive

379 3067 502 3158 pulvis
528 3065 755 3156 altissimae,
775 3067 920 3159 saporis
940 3066 1104 3159 primum
1123 3065 1252 3156 dulcia,
1273 3066 1359 3138 dein
1388 3065 1577 3153 imitantia,

380 3192 565 3285 metallici,
585 3193 623 3265 in
643 3216 751 3285 aqua,
771 3194 951 3287 imprimis
972 3193 1113 3265 fervida
1131 3193 1236 3266 facile
1258 3193 1438 3266 solubilis,

491 3321 632 3393 Solutio
654 3344 808 3413 aquosa,
823 3320 1022 3394 reactionis
1041 3321 1170 3393 leviter
1189 3320 1326 3412 acidae,
1348 3342 1447 3413 aqua
1466 3318 1578 3391 calcis

383 3449 631 3522 sedimentum
641 3449 795 3540 praebet
809 3448 946 3540 album,
962 3449 1000 3521 in
1015 3447 1121 3520 acido
1137 3448 1276 3520 acetico
1292 3446 1397 3519 facile
1413 3444 1579 3531 solubile,

381 3576 487 3648 acido
513 3575 797 3667 hydrochlorico
819 3574 1004 3647 acidulata
1032 3597 1130 3667 aqua
1154 3573 1458 3667 hydrosulfurata
1475 3593 1579 3666 prae·

381 3705 572 3796 cipitatum
610 3703 879 3793 aurantiacum,
919 3702 1107 3773 arnmonio
1146 3700 1343 3774 carbonico
1380 3699 1578 3773 insolubile

383 3831 551 3904 demittit.

492 3957 597 4031 Stibii
621 3955 903 4029 Kalio-tarlarici
928 3977 1096 4047 gramma
1124 3955 1317 4029 dimidium
1345 3954 1384 4027 in
1403 3953 1580 4047 grammis

382 4086 512 4159 decem
549 4085 643 4157 acidi
670 4083 946 4176 hydrochlorici
975 4082 1201 4155 concentrati
1229 4082 1408 4171 solutum,
1445 4080 1581 4154 additis

381 4213 494 4305 guttis
523 4212 665 4304 aliquot
702 4230 821 4303 aquae
851 4209 1176 4301 hydrosulfuratae
1214 4214 1383 4283 recenter
1419 4214 1581 4301 paratae,

382 4360 472 4415 vase
510 4345 608 4413 tecto
646 4340 729 4412 loco
766 4337 892 4430 tepido
931 4335 1149 4430 sepositum,
1196 4357 1264 4408 nec
1301 4336 1583 4428 praecipitatum

381 4468 523 4542 luteum
561 4466 717 4539 arsenici
756 4463 926 4537 sulfurati
965 4465 1139 4556 deponat,
1172 4484 1241 4535 nec
1269 4462 1383 4554 halus
1416 4463 1583 4555 vestigiis

383 4596 505 4669 colore
525 4596 624 4667 ssavo
644 4592 839 4666 inficiatur.

501 4721 627 4794 Vinum
657 4719 764 4793 Stibii
783 4716 1083 4812 Kolta-tartaria,
1149 4782 1161 4803 ,
