3600 5534
728 518 946 591 ...73-

620 836 815 949 Cortex
841 838 1049 949 Salicis.

347 1063 449 1138 Solia
483 1061 563 1136 alba
600 1063 745 1153 Linn.,
785 1062 885 1140 Solia
902 1063 1057 1159 fragilis
1092 1063 1236 1152 Linn,
1277 1068 1313 1136 et
1338 1063 1432 1137 aliae

239 1189 369 1263 Selicio
395 1190 552 1282 species,
582 1191 736 1264 arbores
767 1195 803 1264 et
830 1191 981 1264 frutices
1012 1190 1060 1262 ad
1089 1191 1232 1265 rivulos
1253 1196 1290 1263 et
1308 1191 1432 1264 fossas

235 1319 373 1412 ubique
395 1323 617 1393 crescentes,
639 1317 842 1392 Solicoceae.

346 1446 480 1519 Cortex
499 1468 519 1520 e
538 1447 652 1519 ramis
678 1445 830 1520 bimulis
857 1447 1091 1539 trimulisque
1111 1445 1232 1539 primo
1256 1468 1341 1520 vere
1368 1447 1430 1518 de·

237 1579 376 1647 tractus
396 1579 433 1648 et
452 1574 524 1647 cito
545 1574 718 1662 siccatus
757 1574 904 1663 flexilis
941 1578 1065 1661 tenax,
1104 1575 1151 1646 ad
1180 1573 1433 1646 millimetrum

235 1723 352 1775 unum
373 1724 536 1791 crassus
562 1702 601 1774 in
621 1701 816 1793 superficie
849 1706 1004 1775 externa
1031 1702 1158 1775 fuscus
1187 1702 1246 1774 vel
1275 1701 1429 1774 virides-

236 1851 335 1920 cens,
356 1829 619 1920 laeviusculus,
647 1851 724 1904 non
743 1851 828 1904 raro
849 1830 983 1918 nitens,
1011 1831 1049 1903 in
1074 1829 1267 1923 superficie
1286 1831 1433 1902 interna

235 1957 373 2050 pallide
411 1958 694 2031 cinnamomeus
733 1959 792 2031 vel
829 1959 961 2046 flavus
1004 1935 1133 2045 laevis,
1180 1958 1342 2030 fractura
1378 1957 1430 2030 la-

235 2083 565 2172 melloso-fibrosa‚
603 2085 640 2156 in
679 2090 874 2176 segmento
913 2089 1132 2157 transverso
1175 2085 1313 2159 ssavido
1368 2091 1433 2158 aut

234 2213 565 2286 rubicundo-fusco
588 2213 724 2286 librum
743 2213 1009 2305 angustissime
1029 2214 1247 2287 tesselatum
1266 2213 1431 2304 probans

236 2347 271 2413 et
300 2341 485 2414 solutione
514 2341 631 2414 diluta
656 2341 741 2414 ferri
767 2341 1053 2433 sesquichlorati
1080 2341 1242 2413 colorem
1273 2340 1433 2412 induens

235 2491 279 2541 ex
300 2467 407 2541 viridi
427 2469 681 2562 nigricantem.
706 2469 773 2543 Est
792 2469 940 2564 saporis
962 2469 1078 2541 amari
1099 2473 1139 2540 et·
1155 2467 1431 2560 adstringentis

726 2807 938 2918 Crocus.

349 3031 478 3106 Crocus
495 3033 627 3106 catinus
646 3033 780 3123 Linn,
799 3035 930 3128 planta
948 3034 1128 3108 tuberosa
1147 3033 1185 3110 in
1205 3033 1356 3138 Oriente
1376 3033 1430 3104 in-

233 3160 378 3253 digena,
407 3161 445 3234 in
474 3163 587 3236 variis
607 3161 780 3256 Europae
799 3162 981 3255 partibus,
1010 3162 1178 3256 inprimis
1198 3162 1235 3232 in
1256 3159 1375 3233 Gallia
1396 3165 1432 3232 ct

232 3287 417 3382 Hispania
437 3290 547 3363 culta.
570 3289 756 3364 Iriduceoa

341 3416 524 3510 Stigmata
534 3418 750 3490 ternassoris
768 3439 787 3490 e
804 3418 901 3510 stylo
917 3419 1080 3492 filiforrni
1095 3424 1176 3492 orta
1191 3419 1428 3500 subarcuata,

232 3544 418 3634 tubulosa,
448 3546 496 3618 ad
517 3547 587 3618 tria
607 3547 825 3619 centimetra
848 3547 972 3640 longa,
1005 3569 1155 3620 sursum
1176 3546 1338 3634 dilatata,
1368 3544 1429 3616 hic

232 3672 302 3744 tria
317 3672 363 3744 ad
382 3677 543 3765 quatuor
561 3675 773 3747 millimetra
789 3675 874 3762 lata,
894 3676 1097 3748 introrsum
1115 3675 1241 3759 incisa,
1261 3673 1429 3764 margine

232 3801 423 3892 superiore
462 3802 654 3874 crenulato
692 3803 906 3890 lutescenti;
955 3804 1093 3875 siccata
1118 3801 1246 3893 rigida,
1283 3800 1428 3892 fragilia

233 3927 464 4018 glaberrima,
485 3929 687 4018 subnitida‚
707 3937 873 4004 saturate
892 3931 1142 4017 fusco-rubra,
1169 3929 1295 4001 odoris
1315 3950 1425 4021 pecu-

232 4053 334 4128 liaris
350 4057 560 4148 fragrantis
586 4059 734 4151 saporis
749 4059 867 4131 amari
893 4044 1097 4146 aromatici,
1124 4057 1309 4144 subacriS,
1340 4057 1425 4128 sali-

232 4204 318 4256 vam
338 4185 460 4258 colore
481 4186 698 4258 aurantiaco
719 4187 910 4277 tingentia.

340 4311 615 4404 Centigramma
633 4333 751 4385 unum
771 4313 876 4385 Croci
895 4312 1053 4405 praebet
1073 4332 1159 4385 cum
1184 4313 1276 4384 litris
1305 4333 1425 4404 aquae

231 4438 349 4511 tribus
368 4436 493 4511 adhuc
513 4439 675 4511 colorem
694 4439 789 4512 belle
810 4441 958 4511 ssavum.
981 4440 1207 4511 Combustus
1220 4438 1359 4512 Crocus
1378 4461 1425 4511 ne

231 4565 316 4658 plus
338 4588 453 4660 quam
473 4588 517 4638 ex
538 4572 688 4639 centum
707 4568 875 4659 partibus
903 4570 986 4640 octo
1007 4565 1141 4638 cineris
1160 4571 1288 4658 partes
1315 4566 1423 4640 relin-

233 4701 335 4788 quat.
