3600 5534
683 455 967 558 4935-

241 703 431 774 concisum
461 707 497 774 et
525 703 715 792 siccatum,
746 704 843 775 sistit
870 703 989 776 inlsta
1011 704 1230 796 plerumque
1249 703 1440 796 palmatim

240 831 486 921 aututrinque
499 851 658 920 ramosa,
678 833 792 903 ramis
808 831 983 903 brevibus
1005 832 1161 918 obtusis,
1178 830 1439 903 subtuberosis

240 962 304 1028 aut
339 957 452 1050 paulo
489 958 679 1049 productis
709 964 745 1031 et
773 980 947 1051 prorsum
976 959 1146 1049 arcuatis
1186 959 1328 1030 circiter
1366 957 1439 1029 duo

239 1084 456 1156 centimeira
488 1084 573 1176 lata,
613 1090 697 1157 octo
736 1088 782 1158 ad
823 1087 954 1158 decem
991 1085 1201 1158 millimetra
1235 1106 1377 1171 crassa,
1402 1085 1438 1157 in

237 1211 427 1301 superiore
443 1216 479 1283 et
493 1211 664 1284 inferiore
680 1219 784 1305 parte
799 1212 1043 1306 planiuscula,
1056 1212 1291 1301 decorticata,
1304 1211 1438 1283 eoloris

236 1337 409 1427 plumbei,
430 1338 465 1410 in
486 1338 664 1411 lateribus
684 1340 929 1432 peridermate
950 1339 1085 1411 coloris
1105 1339 1286 1427 ochracei,
1308 1362 1438 1430 grosse

235 1485 376 1554 rugoso
405 1466 559 1557 obtecta,
593 1469 745 1557 tenacia,
774 1468 865 1540 satis
896 1471 1099 1559 compacta
1137 1467 1297 1539 fractura
1324 1468 1437 1560 paulo

234 1590 382 1680 fibrosa,
420 1592 545 1665 odoris
583 1594 756 1685 specialis
794 1600 897 1683 grate
930 1594 1128 1685 aromatici,
1162 1594 1308 1685 saporis
1343 1594 1435 1666 acri-

236 1710 437 1791 aromatici.

343 1862 385 1934 In
401 1865 566 1937 sectione
581 1871 807 1956 transversa,
820 1864 955 1937 coloris
972 1864 1084 1937 albidi
1101 1866 1159 1937 vel
1176 1865 1435 1955 albido-grisei,

234 1991 308 2062 tela
342 1991 524 2064 corticalis
559 2014 677 2084 aeque
712 2016 755 2064 ac
773 2014 861 2085 pars
892 1992 1077 2082 contraho,
1097 1994 1194 2064 intra
1213 1992 1350 2064 lineam
1371 2016 1432 2065 en·

234 2114 462 2189 ‹lodermidis
497 2119 743 2208 tenerrimam,
787 2118 1053 2211 copiosissimis
1093 2119 1236 2191 cellulis
1275 2120 1434 2191 oleiferis

237 2244 353 2317 luscis
374 2251 438 2317 aut
458 2247 597 2318 citrinis
615 2252 795 2339 punctata
814 2251 980 2338 apparet.

344 2393 450 2486 Aqua
470 2392 666 2462 ordination
685 2391 890 2486 spirituum.
927 2390 1168 2463 Eleriuurium
1190 2393 1421 2485 urornoiirnm

589 2929 789 3040 {lesina
814 2928 1079 3041 bammar.

341 3154 495 3252 Apelleis
531 3154 773 3241 lorautbifoiiu
812 3155 1049 3249 Salisbury
1089 3162 1125 3229 et
1153 3155 1246 3227 aliae
1276 3155 1427 3227 arbores
1457 3172 1458 3176 ’

187 3353 190 3357 .
230 3279 357 3355 Indiae
378 3283 579 3356 orientalis.
607 3280 810 3375 Conifcrca·
824 3284 1072 3355 sti-alcardeae.

341 3429 464 3502 Grana
483 3428 691 3518 rotundata,
717 3427 890 3519 oblonga,
916 3430 1131 3521 pyrisorrnia
1146 3435 1211 3501 aut
1230 3429 1428 3520 stalaciica,

229 3560 293 3627 aut
322 3577 470 3628 massae
501 3557 686 3628 deformes
716 3556 838 3626 variae
867 3557 1147 3647 magnitudinis,
1177 3556 1311 3628 coloris
1342 3557 1426 3628 sub-

227 3682 358 3770 citrini,
396 3682 624 3776 pellucidae,
662 3682 822 3773 fragiles
865 3683 904 3753 in
942 3684 1105 3756 fractura
1134 3684 1316 3755 concbata
1346 3684 1427 3755 vitri

227 3809 344 3883 instar
363 3812 533 3897 nitentes
553 3811 658 3883 facile
677 3810 717 3882 in
735 3810 928 3902 pulverem
957 3811 1094 3899 album,
1116 3812 1240 3883 odoris
1265 3813 1340 3883 iere
1367 3833 1426 3883 ex-

224 3941 368 4027 pertem
406 3938 666 4025 conterendae,
705 3938 775 4010 sub
812 3937 936 4029 digitis
982 3939 1094 4029 paulo
1133 3939 1352 4029 glutinosae,
1390 3940 1426 4009 in

226 4064 386 4156 aethere,
407 4065 671 4137 chlorosormio
683 4066 918 4137 etcarboneo
931 4066 1113 4137 sulfurato
1125 4066 1284 4158 copiose,
1301 4067 1425 4138 minus

131 4240 133 4243 >
224 4190 262 4262 in
292 4191 424 4283 spiritu
459 4192 535 4263 vini
565 4193 761 4280 solubiles
806 4193 1054 4265 solutionibus
1075 4193 1277 4265 admodum
1318 4194 1423 4283 gluti-

223 4319 411 4389 nantibus,

333 4463 575 4559 Ii'mpiusirnm
595 4462 828 4534 adhaesurum.
