3600 5534
703 567 916 639 „45-

646 778 808 886 Bolus
837 776 982 895 alba.

317 1003 443 1075 Massa
462 1008 592 1092 terrea,
614 1003 709 1091 alba,
729 1003 977 1094 impellucida,
997 1003 1162 1091 friabilis
1192 1002 1407 1075 humectata
1429 1079 1431 1084 ,

210 1131 406 1220 subtenax,
431 1131 470 1204 in
490 1153 590 1222 aqua
609 1132 750 1204 sensim
770 1133 808 1205 in
821 1133 1016 1225 pulverem
1036 1132 1206 1205 dilabens
1225 1151 1295 1202 nec
1317 1153 1405 1204 vero

208 1259 385 1332 solubilis

319 1387 435 1461 Acido
467 1389 753 1480 hydrochlorico
781 1391 982 1480 superfuso
1007 1412 1054 1463 ne
1075 1391 1291 1463 effervescat
1311 1410 1406 1463 neve

212 1536 311 1606 aqua
331 1522 534 1608 expurgata
556 1539 710 1590 arenam
729 1517 926 1609 relinquat.

591 1891 795 2002 Bulbus
822 1892 1035 2009 Seiilac.

322 2113 428 2187 Scilla
447 2119 627 2188 meritona
654 2117 799 2207 Linn,
828 2119 961 2210 planta
981 2118 1143 2191 bulhosa
1170 2119 1208 2191 in
1236 2116 1407 2191 litoribus

212 2243 384 2336 Europae
403 2245 695 2318 mediterraneae
714 2247 904 2338 frequens,
924 2244 1107 2318 [filiorem.

323 2389 488 2464 Tunicae
504 2390 607 2464 bulbi
621 2392 791 2480 recentia,
807 2400 988 2465 autumno
1004 2392 1157 2482 collecti,
1168 2391 1407 2465 intermediae

214 2517 352 2609 pallide
397 2518 648 2609 rubiginosae,
687 2540 882 2609 carnosae,
921 2519 1407 2611 viscosa-mucilaginosae,

213 2645 360 2737 rejectis
391 2645 538 2717 extimis
567 2647 692 2735 aridis,
714 2647 931 2736 chartaceis
950 2648 1200 2720 rubro-fuscis
1221 2667 1339 2739 acque
1364 2667 1407 2717 ac

208 2771 380 2856 internis,
395 2771 609 2864 placentam
625 2773 887 2864 ambientibus
904 2775 1090 2864 concisae,
1103 2773 1236 2847 sedulo
1247 2773 1406 2846 siccatae

210 2900 454 2988 subcorneae,
497 2899 660 2994 fragiles
710 2900 934 2994 diaphanae,
975 2902 1217 2991 rubicundae,
1260 2902 1406 2995 saporis

211 3027 401 3114 nauseosi
424 3026 695 3118 mucilaginosi,
716 3029 811 3101 acris
832 3035 868 3102 et
887 3029 1083 3122 peramari.

320 3153 436 3226 Caute
464 3160 662 3227 serventur
695 3155 733 3227 in
765 3156 868 3228 vasis
895 3162 1024 3229 exacte
1054 3157 1193 3244 clausis
1223 3161 1260 3229 et
1287 3156 1409 3249 pulvis

211 3281 348 3354 coloris
368 3279 467 3352 rosei
487 3285 552 3353 aut
571 3281 695 3355 carnei
714 3281 863 3357 nonnisi
878 3282 1016 3373 exigua
1030 3283 1237 3375 quantitate
1250 3287 1407 3377 paratus

208 3412 365 3502 prestet.
892 3411 895 3416 ’

319 3553 472 3626 Acetum.
503 3552 718 3628 detractum.

359 3911 595 4020 datiuum
625 3912 975 4021 carbonioum
1001 3915 1261 4032 nativum.

689 4139 811 4220 Creta
833 4143 935 4220 alba.

321 4337 487 4429 Eligatur
515 4336 709 4410 albissima
735 4357 811 4410 non
841 4337 995 4409 nimiam
1023 4343 1145 4411 terrae
1173 4338 1321 4411 siliceae
1349 4339 1408 4412 vel

214 4465 400 4540 aluminae
431 4464 618 4537 admixtae
645 4465 792 4556 copiam
811 4469 957 4537 tenens
987 4465 1103 4538 Acido
1124 4465 1408 4556 hydrochlorico

214 4594 285 4666 sub
306 4593 586 4665 effervescentia
605 4594 680 4665 iere
700 4615 746 4666 ex
765 4597 845 4666 toto
866 4593 1045 4666 solvatur.

329 4735 545 4835 {loquantum
563 4739 786 4832 sulfuratum.
