3600 5534
846 520 1062 592 „ffl-

462 737 503 810 ln
532 743 714 830 apparatu
741 737 894 810 Marshii
922 737 1177 812 examinatum
1201 738 1383 810 ne-ullam
1400 738 1551 829 quidem

355 865 519 957 speciem
538 866 679 957 speculi
699 865 856 938 arsenici
875 867 1061 959 praebeat.

463 991 659 1064 Conliueal
690 993 727 1064 iu
760 1000 911 1066 centum
944 993 1112 1085 partibus
1145 996 1271 1084 parles
1309 993 1421 1065 lucc
1458 992 1551 1065 acidi

355 1119 717 1212 ortbophosphorici,
745 1127 971 1214 quapropter
996 1121 1214 1192 centimelra
1238 1119 1367 1192 cubica
1387 1119 1551 1212 quinque

357 1249 395 1337 (5
414 1245 496 1336 CC),
516 1267 601 1318 curn
616 1247 795 1338 uragnesii
812 1247 964 1338 oxydati
978 1251 1145 1319 recenter
1159 1247 1234 1318 usli
1253 1251 1459 1338 grammate
1475 1266 1551 1319 uno

356 1374 392 1464 (1
418 1372 519 1462 Grm)
546 1371 593 1443 ad
621 1371 760 1444 siccum
787 1379 990 1466 evaporata
1009 1379 1046 1445 et
1070 1373 1197 1468 ignita,
1221 1372 1417 1445 residuum
1442 1392 1549 1465 prae·

355 1501 468 1572 beant
486 1499 663 1591 ponderis
689 1500 802 1572 rufio
822 1505 1083 1592 grammalurn.

618 1766 838 1875 lcidum
864 1766 1281 1909 pyrugallicum.

463 1954 650 2026 Lamallae
670 1953 818 2040 nilidae,
844 1954 1066 2042 levissimae,
1092 1953 1208 2041 albae,
1229 1955 1377 2046 saporis
1396 1953 1549 2047 phenoli

355 2082 485 2158 similis
519 2082 640 2173 asperi
675 2087 828 2173 etpost
866 2082 998 2169 amari,
1031 2082 1136 2152 facile
1166 2081 1344 2154 solubiles
1374 2083 1548 2173 ineque,

355 2210 486 2301 spiritu
505 2210 580 2280 vini
602 2214 638 2280 et
657 2209 821 2293 aelbere;
839 2209 910 2280 sub
931 2210 1052 2280 calore
1072 2209 1171 2280 1300
1191 2209 1412 2299 liquescunt,
1433 2211 1548 2281 ferve-

356 2337 474 2409 saclae
495 2336 708 2408 sublimant.

463 2463 605 2535 Solutio
628 2485 782 2554 aquosa,
811 2485 888 2534 nou
908 2463 1017 2534 [rimis
1038 2463 1163 2550 diluta,
1184 2465 1260 2536 fere
1281 2470 1416 2536 neutra
1436 2472 1492 2536 est
1513 2468 1549 2537 el

353 2592 495 2682 liquere
533 2591 616 2661 ferri
651 2590 934 2681 sesquichlorali
960 2589 1117 2681 adjectu,
1153 2591 1315 2664 colorem
1349 2593 1469 2683 primo
1504 2614 1548 2665 ex

354 2718 457 2790 fusco
492 2717 655 2806 viridem,
688 2723 776 2808 posl
807 2739 852 2790 ex
881 2719 986 2790 fusco
1019 2718 1176 2791 rubrum
1209 2720 1320 2791 ducit.
1355 2719 1548 2792 Solutione

353 2845 437 2916 ferri
477 2845 641 2917 sulfnrici
685 2844 800 2916 diluta
843 2845 945 2916 celer
982 2845 1267 2933 subcaeruleus,
1307 2852 1549 2919 cencenlrata

354 2971 545 3044 caeruleus
557 2972 733 3064 gignitum
751 2993 851 3064 aqua
863 2972 975 3044 calcis
987 2974 1200 3045 abundante
1210 2975 1313 3046 color
1324 2997 1369 3046 ex
1380 2975 1548 3047 violaceo

353 3099 475 3188 nrber,
505 3104 652 3191 postea,
688 3099 777 3170 dum
797 3099 919 3190 liquor
951 3101 1132 3189 turbatur,
1164 3101 1296 3173 fuscus
1320 3107 1548 3193 procreatur.

463 3225 605 3299 Salutio
621 3247 767 3316 aquosa
782 3226 886 3298 Acidi
901 3227 1127 3318 pyrogallici,
1148 3229 1274 3301 addito
1295 3229 1391 3300 kalio
1413 3228 1545 3320 hydro·

353 3356 516 3446 oxydato
542 3353 677 3436 solute,
705 3353 868 3425 colorem
887 3354 1002 3426 trahit
1020 3355 1122 3427 initio
1152 3356 1304 3443 luteum,
1333 3356 1435 3428 brevi
1463 3363 1551 3448 post

353 3503 398 3552 ex
417 3481 525 3554 fusco
544 3479 800 3571 nigricantem.

461 3607 503 3682 ln
537 3608 723 3680 solutione
758 3609 901 3700 argenti
935 3610 1056 3683 uitrici
1079 3610 1196 3684 Acido
1232 3612 1458 3704 pyrogallico
1494 3635 1549 3686 ar-

353 3741 506 3829 gentum
525 3735 749 3808 metallicum
769 3735 1002 3827 disjungitur.

464 3863 640 3937 Servetur
658 3884 750 3936 vase
771 3864 901 3936 clauso
922 3866 995 3937 luci
1015 3865 1206 3958 impervie.

652 4112 872 4223 leidum
900 4114 1269 4256 salicylicum..

461 4303 633 4395 Cryslalli
659 4303 775 4392 albae,
796 4303 1010 4390 aciculareS,
1046 4303 1124 4375 sive
1153 4305 1277 4397 pulvis
1309 4306 1549 4397 crystallinus

354 4431 472 4519 albus,
494 4431 650 4520 subtilis,
672 4431 798 4503 odoris
820 4453 963 4523 expers
985 4433 1132 4524 saporis
1154 4433 1350 4505 subdulcis
1372 4434 1476 4507 acidi.

461 4559 503 4631 ln
538 4581 638 4651 aqua
672 4559 803 4650 frigida
837 4559 1014 4646 difficile,
1054 4560 1092 4631 in
1126 4560 1267 4632 fervida
1300 4581 1368 4633 nec
1401 4583 1480 4634 non
1513 4561 1550 4633 in

354 4687 540 4781 glycerino
566 4687 690 4780 lepido
717 4692 753 4760 et
778 4687 1039 4760 chlorofonnio
1066 4688 1221 4776 facilius,
1252 4689 1290 4760 in
1320 4689 1450 4782 spiritu
1476 4689 1551 4764 vini
