3600 5534
835 487 1049 558 ..40-

342 711 407 778 tat.
437 706 556 796 Magis
579 709 821 778 concentrata
840 705 871 798 (1
887 705 972 788 :aot
994 704 1106 795 guttis
1126 703 1316 775 nonnullis
1342 703 1538 775 solutionis

342 833 427 905 kalii
461 833 735 924 hydrooxydati
768 832 949 919 turbetur,
983 855 1060 905 non
1094 854 1183 904 vero
1226 833 1417 905 ammonia
1463 830 1539 902 sive

342 960 531 1033 ammonio
553 961 761 1033 carbonico.

451 1106 593 1198 Exigua
613 1106 735 1198 portio
755 1105 925 1198 Atropini
945 1106 1122 1194 sulfurici,
1148 1105 1263 1197 guttis
1284 1106 1426 1197 aliquot
1447 1104 1541 1177 acidi

342 1234 462 1306 nitrici
496 1234 675 1306 fumantis
718 1233 843 1320 mixta,
878 1240 991 1324 atque
1017 1235 1055 1319 in
1074 1234 1209 1306 balneo
1244 1254 1365 1324 aquae
1391 1233 1541 1319 siccata,

341 1361 536 1434 residuum
570 1361 728 1449 exhibet,
768 1362 870 1453 quod
908 1361 1167 1452 refrigeratum
1202 1382 1288 1432 cum
1326 1365 1432 1451 gutta
1465 1380 1542 1431 una

341 1485 537 1561 solutionis
575 1489 798 1579 spirituosae
819 1487 906 1560 kalii
925 1487 1198 1579 hydrooxydati
1214 1487 1399 1579 extemplo
1416 1486 1540 1558 colore

343 1617 509 1688 violaceo
530 1617 567 1687 iu
586 1617 742 1687 rubrum
761 1620 977 1688 transeunte
997 1615 1168 1688 inficitur.

451 1762 710 1853 Milligramma
723 1781 841 1834 unum
851 1761 1021 1853 Atropini
1038 1761 1202 1834 sulfurici
1223 1761 1262 1833 in
1276 1760 1407 1833 tubulo
1422 1758 1538 1830 vitreo

342 1910 464 1980 usqne
485 1889 533 1960 ad
553 1888 805 1961 evolutionem
824 1889 974 1980 vaporis
994 1889 1068 1960 albi
1087 1888 1329 1962 fervefactum
1351 1892 1397 1974 et,
1418 1907 1540 1977 gram-

341 2021 442 2088 mate
467 2037 543 2088 uno
570 2021 605 2087 et
635 2015 785 2087 dimidio
812 2016 908 2088 acidi
939 2015 1105 2088 sulfurici
1126 2013 1357 2088 concentrati
1383 2011 1541 2104 adjecto,

341 2165 482 2230 rursus
509 2143 627 2215 donec
652 2145 864 2215 furvescere
888 2143 1054 2234 incipiat,
1081 2143 1314 2228 calefactum,
1340 2140 1483 2228 emittit,
1510 2139 1542 2210 si

341 2276 549 2361 grammata
566 2271 638 2342 duo
660 2291 782 2360 aquae
798 2268 999 2347 addideris,
1022 2269 1177 2342 odorem
1196 2289 1364 2354 suavem,
1380 2267 1541 2338 maxime

341 2398 578 2490 peculiarem,
618 2397 681 2488 qui
716 2397 931 2487 crystallulo
952 2394 1382 2488 kaliihyperriranganici
1403 2393 1540 2485 injecto

342 2525 378 2596 in
398 2525 551 2596 odorem
572 2525 643 2596 olei
664 2525 950 2616 amygdalarum
974 2545 1190 2595 amararum
1211 2522 1374 2595 aetherei
1393 2520 1539 2595 transit.

721 3063 974 3208 Axungia
997 3064 1168 3180 Porci.

784 3295 926 3396 Adeps
950 3294 1100 3372 suillus.

449 3489 621 3580 rlxungia
653 3490 754 3582 porci
778 3490 921 3561 venalis
955 3493 1135 3581 purgetur
1163 3487 1427 3579 liquefactione
1453 3507 1539 3558 cum

340 3639 441 3709 aqua
476 3616 606 3688 calida.
636 3617 744 3689 Elota
777 3622 813 3689 et
847 3618 894 3688 ab
928 3638 1028 3707 aqua
1059 3621 1314 3707 temperatura
1345 3617 1441 3688 1000
1475 3613 1538 3684 vix

340 3744 534 3817 excedenti
558 3745 652 3816 inter
677 3744 917 3835 agitationem
936 3749 1157 3836 perpetuam
1178 3744 1341 3815 liberata
1359 3743 1406 3814 sit
1427 3740 1537 3812 albis-

339 3875 445 3962 sima,
470 3873 545 3945 fere
569 3873 742 3961 inodora,
771 3873 917 3965 saporis
937 3872 1073 3959 blandi,
1104 3893 1182 3943 uon
1215 3870 1359 3943 rancidi
1389 3875 1426 3941 et
1450 3888 1536 3940 cou-

339 4001 531 4074 sistentiae
547 4000 728 4091 unguenti
747 3999 881 4071 mollis.

449 4144 608 4237 Spiritus
634 4144 709 4216 vini
741 4144 906 4217 fervidus
940 4166 1027 4216 cum
1055 4166 1100 4216 ea
1129 4147 1419 4234 conquassatus
1452 4146 1533 4212 turn

339 4273 579 4363 refrigeratus
624 4278 660 4344 et
695 4271 842 4362 aequali
881 4276 985 4363 parte
1025 4293 1145 4363 aquae
1182 4271 1333 4358 dilutus,
1368 4269 1540 4341 chartam

340 4399 628 4493 exploratoriam
646 4418 694 4470 ne
715 4403 845 4471 mutet.

448 4528 613 4622 Axurryia
629 4525 734 4597 Porci
749 4523 917 4598 benenato.
936 4525 1097 4597 Ceratum
1109 4526 1261 4620 fuscum.
1286 4525 1381 4620 Sapo
1393 4524 1540 4595 malici-

339 4657 441 4728 oalis.
461 4653 679 4749 Fanplostra.
709 4654 897 4751 Unguenta.
