3600 5534
701 534 938 612 -233-

223 753 270 827 ad
290 754 364 828 duo
385 755 600 830 centimeba
628 779 765 846 crassa
805 761 913 828 extus
951 757 1064 847 bissa
1102 756 1419 849 longitudinaliter

225 904 352 973 grosse
380 904 529 974 rugosa.
576 884 619 958 In
657 886 822 958 sectione
860 889 1076 957 transversa
1098 892 1253 976 apparet
1272 885 1415 976 lignum

221 1008 381 1081 ceutraic
420 1010 602 1099 citimum,
627 1034 819 1105 porosum,
856 1032 980 1103 neque
1017 1012 1211 1101 radiatum,
1260 1012 1413 1085 circum-

224 1137 350 1209 datum
370 1138 505 1211 cortice
520 1138 607 1227 laio,
628 1140 723 1231 albo,
742 1140 851 1213 lineis
871 1139 987 1212 fuscis
1003 1138 1245 1211 conceniricis
1264 1138 1415 1210 tenemi-

219 1264 291 1335 mis
311 1270 455 1338 ornato.

325 1391 503 1467 Fodiatur
522 1396 625 1468 radix
646 1395 810 1485 inodora
832 1396 977 1487 saporis
994 1392 1118 1484 amari,
1139 1415 1222 1466 sero
1235 1399 1414 1467 autumno

218 1523 254 1590 et
271 1519 366 1591 bene
386 1519 526 1593 siccata
543 1526 727 1596 servetur.

328 1646 544 1719 Extractam.

542 2023 717 2134 Radix
745 2026 1087 2135 Valerianus.

569 2253 767 2333 Rhizoma
806 2254 1060 2334 Valerianos.

336 2430 525 2504 Valeriana
544 2432 875 2527 wicrammum„
895 2434 1024 2526 planta
1043 2434 1210 2506 rediviva
1229 2434 1413 2523 indigena,

217 2558 256 2628 in
275 2558 389 2648 silvie,
409 2558 634 2649 nemoribus,
655 2560 703 2632 ad
723 2582 832 2653 sepes
853 2562 1039 2653 frequens.
1067 2560 1337 2633 Valcrionocme.

326 2686 509 2759 Rhizonia
528 2689 707 2760 siccatum
718 2687 930 2779 obovatum,
951 2690 1063 2781 vulgo
1085 2688 1201 2785 caulis
1223 2689 1413 2761 soliorum-

215 2834 287 2904 que
298 2790 465 2905 vestigiis
476 2821 704 2904 coronatum,
715 2816 903 2888 interdum
915 2816 1181 2906 stoloniierum,
1194 2816 1240 2887 ad
1253 2821 1414 2907 quatuor

214 2941 433 3015 centimetra
452 2943 613 3034 longum,
634 2946 708 3016 duo
729 2942 776 3013 ad
796 2943 865 3014 bia
884 2944 1105 3017 centimetra
1119 2964 1294 3033 crassum,
1311 2945 1411 3016 intus

213 3090 326 3160 saepe
351 3076 578 3161 excavatum,
609 3071 840 3143 extrinsecus
870 3071 1164 3143 subannulatum
1189 3077 1223 3143 et
1249 3072 1411 3161 undique

214 3196 378 3267 obsitum
393 3197 583 3269 radicibus
604 3196 873 3288 copiosissimis
893 3197 1023 3289 longis,
1044 3199 1089 3270 ad
1113 3199 1186 3269 (luo
1203 3198 1412 3271 millimebn

214 3323 361 3411 crassis
372 3324 558 3413 teretibus,
569 3323 886 3414 longitudinaliter
900 3326 1050 3416 striatis,
1061 3326 1263 3415 fragilibus
1275 3326 1410 3396 eoloris

213 3450 318 3523 fusci.
349 3450 483 3522 Odoris
510 3456 567 3523 est
587 3451 769 3543 specialis,
790 3452 1001 3542 fragrantis,
1022 3452 1122 3524 haud
1143 3454 1244 3543 grati,
1264 3454 1410 3545 saporis

213 3577 778 3671 subdulsescenti-amaricaubs,
800 3579 1000 3651 arouiaiici.

321 3705 363 3778 In
377 3707 542 3777 sectione
557 3712 774 3777 transversa
787 3705 1007 3778 rhizomatis
1024 3712 1189 3779 centmm
1206 3706 1410 3779 medullam

214 3832 493 3925 amplissimum,
523 3832 689 3925 margine
718 3832 948 3923 undulatum,
978 3834 1140 3905 cinctum
1179 3839 1236 3907 est
1273 3834 1409 3907 circulo

215 3966 376 4051 angusto
397 3959 534 4031 diffuso
564 3959 825 4032 fasciculomm
853 3961 942 4051 ligni
972 3961 1221 4051 inaequalium
1252 3967 1288 4032 et
1308 3962 1409 4033 hicce

212 4092 328 4158 strato
340 4087 501 4160 corticali
513 4087 850 4179 tenui,ple1·umque
862 4088 980 4179 fusco,
993 4088 1407 4161 subresiuoso-niienbe.

213 4214 335 4286 Sectio
355 4220 569 4287 irmisversa
588 4216 756 4286 radicum
772 4217 936 4289 ostendit
950 4216 1090 4307 iignum
1108 4216 1269 4289 cenbale
1288 4221 1408 4305 tenue,

213 4342 480 4413 circumdatum
500 4342 634 4414 conice
653 4342 740 4413 lato.

320 4470 496 4541 Fodiabu·
511 4469 615 4539 radii
632 4490 719 4540 vere
730 4470 767 4541 in
781 4471 873 4543 locis
885 4472 1072 4543 momauis
1090 4471 1206 4543 siccis.
1219 4470 1408 4542 Servanda

212 4594 249 4665 in
269 4596 370 4667 vasis
390 4596 484 4667 bene
505 4594 655 4667 clausis.

322 4721 501 4794 Tinctum.
