<?xml version="1.0" encoding="UTF-8"?>
<!DOCTYPE html PUBLIC "-//W3C//DTD XHTML 1.0 Transitional//EN"
    "http://www.w3.org/TR/xhtml1/DTD/xhtml1-transitional.dtd">
<html xmlns="http://www.w3.org/1999/xhtml" xml:lang="en" lang="en">
 <head>
  <title>
</title>
<meta http-equiv="Content-Type" content="text/html;charset=utf-8" />
  <meta name='ocr-system' content='tesseract 3.04.00' />
  <meta name='ocr-capabilities' content='ocr_page ocr_carea ocr_par ocr_line ocrx_word'/>
</head>
<body>
  <div class='ocr_page' id='page_1' title='image "./pharmacopoeaaus01unkngoog_0234.png"; bbox 0 0 3600 5534; ppageno 0'>
   <div class='ocr_carea' id='block_1_1' title="bbox 857 560 1092 632">
    <p class='ocr_par' dir='ltr' id='par_1_1' title="bbox 857 560 1092 632">
     <span class='ocr_line' id='line_1_1' title="bbox 857 560 1092 632; baseline 0.004 -1"><span class='ocrx_word' id='word_1_1' title='bbox 857 560 1092 632; x_wconf 73' lang='lat' dir='ltr'>-aoe-</span> 
     </span>
    </p>
   </div>
   <div class='ocr_carea' id='block_1_2' title="bbox 376 773 1578 3797">
    <p class='ocr_par' dir='ltr' id='par_1_2' title="bbox 377 773 1577 1377">
     <span class='ocr_line' id='line_1_2' title="bbox 485 773 1575 872; baseline 0.003 -23"><span class='ocrx_word' id='word_1_2' title='bbox 485 773 578 849; x_wconf 90' lang='lat' dir='ltr'>Usui</span> <span class='ocrx_word' id='word_1_3' title='bbox 606 773 911 866; x_wconf 85' lang='lat' dir='ltr'>phanuaceutico</span> <span class='ocrx_word' id='word_1_4' title='bbox 941 776 1159 851; x_wconf 83' lang='lat' dir='ltr'>concidatur</span> <span class='ocrx_word' id='word_1_5' title='bbox 1188 776 1325 868; x_wconf 90' lang='lat' dir='ltr'>Opium</span> <span class='ocrx_word' id='word_1_6' title='bbox 1354 783 1390 850; x_wconf 87' lang='lat' dir='ltr'>et</span> <span class='ocrx_word' id='word_1_7' title='bbox 1418 779 1450 851; x_wconf 88' lang='lat' dir='ltr'>si</span> <span class='ocrx_word' id='word_1_8' title='bbox 1479 801 1575 872; x_wconf 87' lang='lat' dir='ltr'>opus</span> 
     </span>
     <span class='ocr_line' id='line_1_3' title="bbox 377 901 1575 997; baseline 0.003 -24"><span class='ocrx_word' id='word_1_9' title='bbox 377 902 494 989; x_wconf 79' lang='lat' dir='ltr'>luerit,</span> <span class='ocrx_word' id='word_1_10' title='bbox 515 901 637 973; x_wconf 89' lang='lat' dir='ltr'>calore</span> <span class='ocrx_word' id='word_1_11' title='bbox 654 904 734 977; x_wconf 79' lang='grc' dir='ltr'>00ο</span> <span class='ocrx_word' id='word_1_12' title='bbox 757 924 835 976; x_wconf 90' lang='lat' dir='ltr'>non</span> <span class='ocrx_word' id='word_1_13' title='bbox 855 910 1055 997; x_wconf 80' lang='lat' dir='ltr'>superante</span> <span class='ocrx_word' id='word_1_14' title='bbox 1071 904 1309 993; x_wconf 83' lang='lat' dir='ltr'>exsiccatum,</span> <span class='ocrx_word' id='word_1_15' title='bbox 1330 904 1368 976; x_wconf 90' lang='lat' dir='ltr'>in</span> <span class='ocrx_word' id='word_1_16' title='bbox 1382 906 1575 997; x_wconf 85' lang='lat' dir='ltr'>pulverem</span> 
     </span>
     <span class='ocr_line' id='line_1_4' title="bbox 377 1029 1576 1124; baseline 0.003 -23"><span class='ocrx_word' id='word_1_17' title='bbox 377 1030 578 1119; x_wconf 78' lang='lat' dir='ltr'>redigatur,</span> <span class='ocrx_word' id='word_1_18' title='bbox 600 1029 664 1122; x_wconf 90' lang='lat' dir='ltr'>qni</span> <span class='ocrx_word' id='word_1_19' title='bbox 683 1031 938 1124; x_wconf 88' lang='lat' dir='ltr'>subsequente</span> <span class='ocrx_word' id='word_1_20' title='bbox 958 1032 1104 1106; x_wconf 86' lang='lat' dir='ltr'>ratione</span> <span class='ocrx_word' id='word_1_21' title='bbox 1124 1032 1362 1104; x_wconf 87' lang='lat' dir='ltr'>examinatus</span> <span class='ocrx_word' id='word_1_22' title='bbox 1382 1053 1429 1104; x_wconf 93' lang='lat' dir='ltr'>ne</span> <span class='ocrx_word' id='word_1_23' title='bbox 1450 1033 1576 1106; x_wconf 86' lang='lat' dir='ltr'>minus</span> 
     </span>
     <span class='ocr_line' id='line_1_5' title="bbox 378 1157 1577 1253; baseline 0.004 -26"><span class='ocrx_word' id='word_1_24' title='bbox 378 1178 492 1249; x_wconf 89' lang='lat' dir='ltr'>quam</span> <span class='ocrx_word' id='word_1_25' title='bbox 520 1160 644 1248; x_wconf 86' lang='lat' dir='ltr'>partes</span> <span class='ocrx_word' id='word_1_26' title='bbox 673 1159 801 1231; x_wconf 88' lang='lat' dir='ltr'>decem</span> <span class='ocrx_word' id='word_1_27' title='bbox 828 1157 912 1253; x_wconf 87' lang='lat'><strong>(10)</strong></span> <span class='ocrx_word' id='word_1_28' title='bbox 943 1160 1132 1251; x_wconf 90' lang='lat' dir='ltr'>morphini</span> <span class='ocrx_word' id='word_1_29' title='bbox 1160 1160 1198 1231; x_wconf 91' lang='lat' dir='ltr'>in</span> <span class='ocrx_word' id='word_1_30' title='bbox 1228 1164 1378 1231; x_wconf 91' lang='lat' dir='ltr'>centum</span> <span class='ocrx_word' id='word_1_31' title='bbox 1407 1161 1577 1252; x_wconf 87' lang='lat' dir='ltr'>partibus</span> 
     </span>
     <span class='ocr_line' id='line_1_6' title="bbox 377 1285 565 1377; baseline 0.005 -21"><span class='ocrx_word' id='word_1_32' title='bbox 377 1285 565 1377; x_wconf 89' lang='lat' dir='ltr'>praebeat.</span> 
     </span>
    </p>

    <p class='ocr_par' dir='ltr' id='par_1_3' title="bbox 376 1410 1578 2775">
     <span class='ocr_line' id='line_1_7' title="bbox 484 1410 1576 1505; baseline 0.005 -23"><span class='ocrx_word' id='word_1_33' title='bbox 484 1410 526 1482; x_wconf 88' lang='lat' dir='ltr'>ln</span> <span class='ocrx_word' id='word_1_34' title='bbox 552 1410 653 1484; x_wconf 91' lang='lat' dir='ltr'>bunc</span> <span class='ocrx_word' id='word_1_35' title='bbox 677 1412 792 1485; x_wconf 88' lang='lat' dir='ltr'>finem</span> <span class='ocrx_word' id='word_1_36' title='bbox 821 1412 896 1505; x_wconf 90' lang='lat' dir='ltr'>opii</span> <span class='ocrx_word' id='word_1_37' title='bbox 926 1413 1109 1505; x_wconf 90' lang='lat' dir='ltr'>pulverati</span> <span class='ocrx_word' id='word_1_38' title='bbox 1135 1418 1346 1504; x_wconf 83' lang='lat' dir='ltr'>grammata</span> <span class='ocrx_word' id='word_1_39' title='bbox 1375 1416 1397 1486; x_wconf 88' lang='lat'>8</span> <span class='ocrx_word' id='word_1_40' title='bbox 1424 1436 1576 1488; x_wconf 89' lang='lat' dir='ltr'>macera</span> 
     </span>
     <span class='ocr_line' id='line_1_8' title="bbox 376 1538 1577 1633; baseline 0.004 -24"><span class='ocrx_word' id='word_1_41' title='bbox 376 1558 443 1629; x_wconf 92' lang='lat' dir='ltr'>per</span> <span class='ocrx_word' id='word_1_42' title='bbox 466 1538 511 1609; x_wconf 80' lang='grc'>10</span> <span class='ocrx_word' id='word_1_43' title='bbox 533 1538 661 1627; x_wconf 78' lang='lat' dir='ltr'>horaS,</span> <span class='ocrx_word' id='word_1_44' title='bbox 681 1539 870 1611; x_wconf 88' lang='lat' dir='ltr'>interdurn</span> <span class='ocrx_word' id='word_1_45' title='bbox 890 1540 1191 1633; x_wconf 84' lang='lat' dir='ltr'>conquassanda,</span> <span class='ocrx_word' id='word_1_46' title='bbox 1219 1561 1303 1611; x_wconf 89' lang='lat' dir='ltr'>curn</span> <span class='ocrx_word' id='word_1_47' title='bbox 1324 1542 1503 1631; x_wconf 84' lang='lat' dir='ltr'>grammis</span> <span class='ocrx_word' id='word_1_48' title='bbox 1525 1543 1577 1614; x_wconf 90' lang='lat'>80</span> 
     </span>
     <span class='ocr_line' id='line_1_9' title="bbox 377 1665 1578 1757; baseline 0.004 -22"><span class='ocrx_word' id='word_1_49' title='bbox 377 1687 497 1757; x_wconf 91' lang='lat' dir='ltr'>aquae</span> <span class='ocrx_word' id='word_1_50' title='bbox 530 1665 738 1738; x_wconf 88' lang='lat' dir='ltr'>destillatae</span> <span class='ocrx_word' id='word_1_51' title='bbox 773 1671 810 1739; x_wconf 92' lang='lat' dir='ltr'>et</span> <span class='ocrx_word' id='word_1_52' title='bbox 840 1667 948 1739; x_wconf 86' lang='lat' dir='ltr'>filtra.</span> <span class='ocrx_word' id='word_1_53' title='bbox 984 1666 1202 1740; x_wconf 86' lang='lat' dir='ltr'>Grammata</span> <span class='ocrx_word' id='word_1_54' title='bbox 1234 1666 1285 1738; x_wconf 68' lang='lat' dir='ltr'>aa</span> <span class='ocrx_word' id='word_1_55' title='bbox 1316 1672 1353 1739; x_wconf 89' lang='lat' dir='ltr'>et</span> <span class='ocrx_word' id='word_1_56' title='bbox 1383 1668 1578 1741; x_wconf 88' lang='lat' dir='ltr'>dimidium</span> 
     </span>
     <span class='ocr_line' id='line_1_10' title="bbox 377 1792 1578 1886; baseline 0.005 -24"><span class='ocrx_word' id='word_1_57' title='bbox 377 1792 530 1883; x_wconf 91' lang='lat' dir='ltr'>liquoris</span> <span class='ocrx_word' id='word_1_58' title='bbox 555 1792 681 1865; x_wconf 84' lang='lat' dir='ltr'>liltrati</span> <span class='ocrx_word' id='word_1_59' title='bbox 709 1793 824 1867; x_wconf 90' lang='lat' dir='ltr'>misce</span> <span class='ocrx_word' id='word_1_60' title='bbox 844 1816 931 1866; x_wconf 89' lang='lat' dir='ltr'>cum</span> <span class='ocrx_word' id='word_1_61' title='bbox 951 1794 1129 1885; x_wconf 82' lang='lat' dir='ltr'>grammis</span> <span class='ocrx_word' id='word_1_62' title='bbox 1153 1794 1199 1865; x_wconf 82' lang='grc'>10</span> <span class='ocrx_word' id='word_1_63' title='bbox 1222 1794 1375 1886; x_wconf 87' lang='lat' dir='ltr'>spiritus</span> <span class='ocrx_word' id='word_1_64' title='bbox 1394 1796 1470 1868; x_wconf 88' lang='lat' dir='ltr'>vini</span> <span class='ocrx_word' id='word_1_65' title='bbox 1491 1816 1578 1867; x_wconf 93' lang='lat' dir='ltr'>con·</span> 
     </span>
     <span class='ocr_line' id='line_1_11' title="bbox 377 1920 1578 2017; baseline 0.002 -26"><span class='ocrx_word' id='word_1_66' title='bbox 377 1920 552 2009; x_wconf 92' lang='lat' dir='ltr'>centrati,</span> <span class='ocrx_word' id='word_1_67' title='bbox 601 1920 779 2010; x_wconf 85' lang='lat' dir='ltr'>grammis</span> <span class='ocrx_word' id='word_1_68' title='bbox 822 1922 870 1991; x_wconf 84' lang='lat' dir='ltr'>to</span> <span class='ocrx_word' id='word_1_69' title='bbox 909 1920 1072 1993; x_wconf 86' lang='lat' dir='ltr'>aetheris</span> <span class='ocrx_word' id='word_1_70' title='bbox 1120 1924 1157 1993; x_wconf 89' lang='lat' dir='ltr'>et</span> <span class='ocrx_word' id='word_1_71' title='bbox 1204 1922 1381 2017; x_wconf 78' lang='lat' dir='ltr'>grammis</span> <span class='ocrx_word' id='word_1_72' title='bbox 1428 1921 1578 1994; x_wconf 87' lang='lat' dir='ltr'>duobus</span> 
     </span>
     <span class='ocr_line' id='line_1_12' title="bbox 378 2047 1577 2140; baseline 0.002 -21"><span class='ocrx_word' id='word_1_73' title='bbox 378 2047 589 2120; x_wconf 86' lang='lat' dir='ltr'>ammoniae</span> <span class='ocrx_word' id='word_1_74' title='bbox 618 2053 655 2119; x_wconf 91' lang='lat' dir='ltr'>et</span> <span class='ocrx_word' id='word_1_75' title='bbox 683 2069 834 2139; x_wconf 87' lang='lat' dir='ltr'>sepone,</span> <span class='ocrx_word' id='word_1_76' title='bbox 860 2048 1011 2140; x_wconf 87' lang='lat' dir='ltr'>saepius</span> <span class='ocrx_word' id='word_1_77' title='bbox 1040 2048 1215 2138; x_wconf 85' lang='lat' dir='ltr'>agitando</span> <span class='ocrx_word' id='word_1_78' title='bbox 1249 2048 1287 2121; x_wconf 91' lang='lat' dir='ltr'>in</span> <span class='ocrx_word' id='word_1_79' title='bbox 1317 2070 1407 2121; x_wconf 87' lang='lat' dir='ltr'>vase</span> <span class='ocrx_word' id='word_1_80' title='bbox 1439 2050 1577 2122; x_wconf 90' lang='lat' dir='ltr'>idoneo</span> 
     </span>
     <span class='ocr_line' id='line_1_13' title="bbox 378 2174 1577 2269; baseline 0.003 -24"><span class='ocrx_word' id='word_1_81' title='bbox 378 2175 506 2246; x_wconf 89' lang='lat' dir='ltr'>clauso</span> <span class='ocrx_word' id='word_1_82' title='bbox 539 2174 662 2246; x_wconf 89' lang='lat' dir='ltr'>calore</span> <span class='ocrx_word' id='word_1_83' title='bbox 685 2176 734 2246; x_wconf 92' lang='grc'>10</span> <span class='ocrx_word' id='word_1_84' title='bbox 755 2174 803 2246; x_wconf 92' lang='lat' dir='ltr'>ad</span> <span class='ocrx_word' id='word_1_85' title='bbox 828 2177 875 2246; x_wconf 88' lang='lat'>15</span> <span class='ocrx_word' id='word_1_86' title='bbox 891 2178 909 2212; x_wconf 88' lang='lat'><strong>⁰</strong></span> <span class='ocrx_word' id='word_1_87' title='bbox 938 2196 1005 2267; x_wconf 90' lang='lat' dir='ltr'>per</span> <span class='ocrx_word' id='word_1_88' title='bbox 1025 2176 1132 2247; x_wconf 88' lang='lat' dir='ltr'>diem.</span> <span class='ocrx_word' id='word_1_89' title='bbox 1167 2176 1261 2249; x_wconf 89' lang='lat' dir='ltr'>Dein</span> <span class='ocrx_word' id='word_1_90' title='bbox 1280 2176 1328 2264; x_wconf 89' lang='lat' dir='ltr'>id,</span> <span class='ocrx_word' id='word_1_91' title='bbox 1364 2177 1465 2269; x_wconf 92' lang='lat' dir='ltr'>quod</span> <span class='ocrx_word' id='word_1_92' title='bbox 1487 2199 1577 2249; x_wconf 86' lang='lat' dir='ltr'>vase</span> 
     </span>
     <span class='ocr_line' id='line_1_14' title="bbox 378 2301 1574 2395; baseline 0.004 -24"><span class='ocrx_word' id='word_1_93' title='bbox 378 2301 589 2373; x_wconf 83' lang='lat' dir='ltr'>continetur</span> <span class='ocrx_word' id='word_1_94' title='bbox 614 2302 653 2373; x_wconf 89' lang='lat' dir='ltr'>in</span> <span class='ocrx_word' id='word_1_95' title='bbox 671 2302 811 2374; x_wconf 88' lang='lat' dir='ltr'>filtrum</span> <span class='ocrx_word' id='word_1_96' title='bbox 843 2322 1003 2393; x_wconf 89' lang='lat' dir='ltr'>parvum</span> <span class='ocrx_word' id='word_1_97' title='bbox 1031 2302 1199 2375; x_wconf 89' lang='lat' dir='ltr'>immitte.</span> <span class='ocrx_word' id='word_1_98' title='bbox 1230 2303 1391 2395; x_wconf 85' lang='lat' dir='ltr'>Liquere</span> <span class='ocrx_word' id='word_1_99' title='bbox 1426 2304 1574 2376; x_wconf 81' lang='lat' dir='ltr'>defluxo</span> 
     </span>
     <span class='ocr_line' id='line_1_15' title="bbox 376 2428 1577 2522; baseline 0.003 -24"><span class='ocrx_word' id='word_1_100' title='bbox 376 2428 561 2520; x_wconf 91' lang='lat' dir='ltr'>Morphini</span> <span class='ocrx_word' id='word_1_101' title='bbox 578 2430 781 2520; x_wconf 75' lang='lat' dir='ltr'>crystalloS,</span> <span class='ocrx_word' id='word_1_102' title='bbox 797 2430 837 2503; x_wconf 89' lang='lat' dir='ltr'>iu</span> <span class='ocrx_word' id='word_1_103' title='bbox 853 2451 897 2501; x_wconf 93' lang='lat' dir='ltr'>eo</span> <span class='ocrx_word' id='word_1_104' title='bbox 912 2436 1159 2518; x_wconf 71' lang='lat' dir='ltr'>remanentes</span> <span class='ocrx_word' id='word_1_105' title='bbox 1170 2430 1347 2503; x_wconf 84' lang='lat' dir='ltr'>mixtione</span> <span class='ocrx_word' id='word_1_106' title='bbox 1364 2452 1407 2501; x_wconf 85' lang='lat' dir='ltr'>ex</span> <span class='ocrx_word' id='word_1_107' title='bbox 1424 2431 1577 2522; x_wconf 87' lang='lat' dir='ltr'>spiritus</span> 
     </span>
     <span class='ocr_line' id='line_1_16' title="bbox 377 2555 1578 2649; baseline 0.004 -25"><span class='ocrx_word' id='word_1_108' title='bbox 377 2555 452 2627; x_wconf 90' lang='lat' dir='ltr'>vini</span> <span class='ocrx_word' id='word_1_109' title='bbox 506 2555 622 2646; x_wconf 90' lang='lat' dir='ltr'>diluti,</span> <span class='ocrx_word' id='word_1_110' title='bbox 672 2556 833 2629; x_wconf 91' lang='lat' dir='ltr'>aetheris</span> <span class='ocrx_word' id='word_1_111' title='bbox 881 2563 917 2629; x_wconf 93' lang='lat' dir='ltr'>et</span> <span class='ocrx_word' id='word_1_112' title='bbox 964 2578 1065 2649; x_wconf 87' lang='lat' dir='ltr'>aqua</span> <span class='ocrx_word' id='word_1_113' title='bbox 1113 2557 1299 2630; x_wconf 86' lang='lat' dir='ltr'>destillata</span> <span class='ocrx_word' id='word_1_114' title='bbox 1346 2558 1578 2649; x_wconf 86' lang='lat' dir='ltr'>singulorum</span> 
     </span>
     <span class='ocr_line' id='line_1_17' title="bbox 377 2683 1576 2775; baseline 0.003 -22"><span class='ocrx_word' id='word_1_115' title='bbox 377 2683 553 2775; x_wconf 81' lang='lat' dir='ltr'>grammis</span> <span class='ocrx_word' id='word_1_116' title='bbox 574 2683 722 2756; x_wconf 84' lang='lat' dir='ltr'>duobus</span> <span class='ocrx_word' id='word_1_117' title='bbox 741 2683 799 2755; x_wconf 91' lang='lat' dir='ltr'>bis</span> <span class='ocrx_word' id='word_1_118' title='bbox 833 2685 954 2757; x_wconf 85' lang='lat' dir='ltr'>elutas</span> <span class='ocrx_word' id='word_1_119' title='bbox 986 2686 1026 2757; x_wconf 91' lang='lat' dir='ltr'>in</span> <span class='ocrx_word' id='word_1_120' title='bbox 1050 2684 1147 2757; x_wconf 90' lang='lat' dir='ltr'>filtro</span> <span class='ocrx_word' id='word_1_121' title='bbox 1179 2685 1301 2757; x_wconf 88' lang='lat' dir='ltr'>calore</span> <span class='ocrx_word' id='word_1_122' title='bbox 1336 2686 1442 2757; x_wconf 77' lang='grc' dir='ltr'>100Ο</span> <span class='ocrx_word' id='word_1_123' title='bbox 1466 2684 1576 2757; x_wconf 85' lang='lat' dir='ltr'>sicca.</span> 
     </span>
    </p>

    <p class='ocr_par' dir='ltr' id='par_1_4' title="bbox 485 2811 1297 2907">
     <span class='ocr_line' id='line_1_18' title="bbox 485 2811 1297 2907; baseline 0.001 -25"><span class='ocrx_word' id='word_1_124' title='bbox 485 2811 639 2883; x_wconf 90' lang='lat' dir='ltr'>Pondus</span> <span class='ocrx_word' id='word_1_125' title='bbox 659 2832 788 2883; x_wconf 87' lang='lat' dir='ltr'>earmn</span> <span class='ocrx_word' id='word_1_126' title='bbox 806 2833 854 2884; x_wconf 92' lang='lat' dir='ltr'>ne</span> <span class='ocrx_word' id='word_1_127' title='bbox 875 2812 922 2884; x_wconf 89' lang='lat' dir='ltr'>sit</span> <span class='ocrx_word' id='word_1_128' title='bbox 941 2812 1067 2885; x_wconf 90' lang='lat' dir='ltr'>minus</span> <span class='ocrx_word' id='word_1_129' title='bbox 1089 2835 1202 2907; x_wconf 92' lang='lat' dir='ltr'>quam</span> <span class='ocrx_word' id='word_1_130' title='bbox 1222 2814 1297 2884; x_wconf 85' lang='grc'>04.</span> 
     </span>
    </p>

    <p class='ocr_par' dir='ltr' id='par_1_5' title="bbox 376 2938 1577 3534">
     <span class='ocr_line' id='line_1_19' title="bbox 485 2938 1576 3033; baseline 0.002 -22"><span class='ocrx_word' id='word_1_131' title='bbox 485 2938 656 3027; x_wconf 79' lang='lat' dir='ltr'>Crystalli</span> <span class='ocrx_word' id='word_1_132' title='bbox 680 2939 733 3011; x_wconf 86' lang='lat' dir='ltr'>sic</span> <span class='ocrx_word' id='word_1_133' title='bbox 757 2938 931 3011; x_wconf 87' lang='lat' dir='ltr'>obtentae</span> <span class='ocrx_word' id='word_1_134' title='bbox 958 2961 1045 3012; x_wconf 87' lang='lat' dir='ltr'>cum</span> <span class='ocrx_word' id='word_1_135' title='bbox 1070 2940 1239 3033; x_wconf 87' lang='lat' dir='ltr'>partibus</span> <span class='ocrx_word' id='word_1_136' title='bbox 1275 2945 1428 3011; x_wconf 90' lang='lat' dir='ltr'>centum</span> <span class='ocrx_word' id='word_1_137' title='bbox 1454 2961 1576 3032; x_wconf 86' lang='lat' dir='ltr'>aquae</span> 
     </span>
     <span class='ocr_line' id='line_1_20' title="bbox 377 3065 1577 3159; baseline 0.003 -23"><span class='ocrx_word' id='word_1_138' title='bbox 377 3065 489 3137; x_wconf 89' lang='lat' dir='ltr'>calcis</span> <span class='ocrx_word' id='word_1_139' title='bbox 518 3070 808 3156; x_wconf 85' lang='lat' dir='ltr'>conquassatae,</span> <span class='ocrx_word' id='word_1_140' title='bbox 837 3066 980 3158; x_wconf 90' lang='lat' dir='ltr'>aliquot</span> <span class='ocrx_word' id='word_1_141' title='bbox 1007 3067 1112 3140; x_wconf 89' lang='lat' dir='ltr'>horis</span> <span class='ocrx_word' id='word_1_142' title='bbox 1140 3068 1318 3159; x_wconf 72' lang='lat' dir='ltr'>peractiS,</span> <span class='ocrx_word' id='word_1_143' title='bbox 1350 3067 1577 3139; x_wconf 89' lang='lat' dir='ltr'>solutionem</span> 
     </span>
     <span class='ocr_line' id='line_1_21' title="bbox 376 3193 1576 3286; baseline 0.004 -23"><span class='ocrx_word' id='word_1_144' title='bbox 376 3193 580 3285; x_wconf 89' lang='lat' dir='ltr'>praebeant</span> <span class='ocrx_word' id='word_1_145' title='bbox 597 3193 785 3282; x_wconf 85' lang='lat' dir='ltr'>flavidam,</span> <span class='ocrx_word' id='word_1_146' title='bbox 816 3215 913 3286; x_wconf 88' lang='lat' dir='ltr'>quae</span> <span class='ocrx_word' id='word_1_147' title='bbox 949 3216 1048 3286; x_wconf 88' lang='lat' dir='ltr'>aqua</span> <span class='ocrx_word' id='word_1_148' title='bbox 1083 3194 1199 3266; x_wconf 90' lang='lat' dir='ltr'>chlori</span> <span class='ocrx_word' id='word_1_149' title='bbox 1225 3194 1419 3286; x_wconf 86' lang='lat' dir='ltr'>paullatim</span> <span class='ocrx_word' id='word_1_150' title='bbox 1445 3195 1576 3283; x_wconf 80' lang='lat' dir='ltr'>affusa,</span> 
     </span>
     <span class='ocr_line' id='line_1_22' title="bbox 378 3320 1575 3412; baseline 0.003 -21"><span class='ocrx_word' id='word_1_151' title='bbox 378 3322 541 3393; x_wconf 83' lang='lat' dir='ltr'>colorem</span> <span class='ocrx_word' id='word_1_152' title='bbox 561 3325 794 3392; x_wconf 87' lang='lat' dir='ltr'>constantem</span> <span class='ocrx_word' id='word_1_153' title='bbox 813 3321 953 3393; x_wconf 84' lang='lat' dir='ltr'>efusco</span> <span class='ocrx_word' id='word_1_154' title='bbox 973 3324 1139 3409; x_wconf 92' lang='lat' dir='ltr'>rubrum,</span> <span class='ocrx_word' id='word_1_155' title='bbox 1159 3321 1256 3394; x_wconf 82' lang='lat' dir='ltr'>ferro</span> <span class='ocrx_word' id='word_1_156' title='bbox 1277 3320 1575 3412; x_wconf 88' lang='lat' dir='ltr'>sesquicblorato</span> 
     </span>
     <span class='ocr_line' id='line_1_23' title="bbox 377 3448 1338 3534; baseline 0.001 -15"><span class='ocrx_word' id='word_1_157' title='bbox 377 3449 499 3520; x_wconf 86' lang='lat' dir='ltr'>soluto</span> <span class='ocrx_word' id='word_1_158' title='bbox 520 3448 697 3534; x_wconf 84' lang='lat' dir='ltr'>admixto,</span> <span class='ocrx_word' id='word_1_159' title='bbox 719 3449 931 3521; x_wconf 88' lang='lat' dir='ltr'>caeruleum</span> <span class='ocrx_word' id='word_1_160' title='bbox 951 3450 1008 3521; x_wconf 87' lang='lat' dir='ltr'>vel</span> <span class='ocrx_word' id='word_1_161' title='bbox 1028 3448 1185 3522; x_wconf 90' lang='lat' dir='ltr'>viridem</span> <span class='ocrx_word' id='word_1_162' title='bbox 1204 3448 1338 3520; x_wconf 87' lang='lat' dir='ltr'>trabat.</span> 
     </span>
    </p>

    <p class='ocr_par' dir='ltr' id='par_1_6' title="bbox 376 3574 1576 3797">
     <span class='ocr_line' id='line_1_24' title="bbox 484 3574 1576 3671; baseline 0.003 -26"><span class='ocrx_word' id='word_1_163' title='bbox 484 3574 704 3646; x_wconf 60' lang='lat' dir='ltr'>attractum.</span> <span class='ocrx_word' id='word_1_164' title='bbox 764 3574 935 3647; x_wconf 80' lang='lat' dir='ltr'>Tinctara</span> <span class='ocrx_word' id='word_1_165' title='bbox 981 3577 1128 3671; x_wconf 69' lang='lat' dir='ltr'>simplex</span> <span class='ocrx_word' id='word_1_166' title='bbox 1173 3582 1204 3645; x_wconf 82' lang='lat' dir='ltr'>et</span> <span class='ocrx_word' id='word_1_167' title='bbox 1251 3581 1402 3647; x_wconf 80' lang='lat' dir='ltr'>crocata.</span> <span class='ocrx_word' id='word_1_168' title='bbox 1452 3575 1576 3648; x_wconf 76' lang='lat' dir='ltr'>Pulvis</span> 
     </span>
     <span class='ocr_line' id='line_1_25' title="bbox 376 3700 804 3797; baseline 0 -24"><span class='ocrx_word' id='word_1_169' title='bbox 376 3700 637 3797; x_wconf 78' lang='lat' dir='ltr'>Ipecncunnboe</span> <span class='ocrx_word' id='word_1_170' title='bbox 654 3702 804 3796; x_wconf 69' lang='lat' dir='ltr'>optatus.</span> 
     </span>
    </p>
   </div>
   <div class='ocr_carea' id='block_1_3' title="bbox 739 3897 1198 4038">
    <p class='ocr_par' dir='ltr' id='par_1_7' title="bbox 739 3897 1198 4038">
     <span class='ocr_line' id='line_1_26' title="bbox 739 3897 1198 4038; baseline 0.007 -35"><span class='ocrx_word' id='word_1_171' title='bbox 739 3897 956 4038; x_wconf 76' lang='lat' dir='ltr'>llxymel</span> <span class='ocrx_word' id='word_1_172' title='bbox 984 3897 1198 4007; x_wconf 86' lang='lat' dir='ltr'>Scillae.</span> 
     </span>
    </p>
   </div>
   <div class='ocr_carea' id='block_1_4' title="bbox 375 4076 1573 4687">
    <p class='ocr_par' dir='ltr' id='par_1_8' title="bbox 375 4076 1573 4433">
     <span class='ocr_line' id='line_1_27' title="bbox 375 4076 1573 4179; baseline 0.001 -22"><span class='ocrx_word' id='word_1_173' title='bbox 375 4086 473 4176; x_wconf 86' lang='lat' dir='ltr'>Rpe:</span> <span class='ocrx_word' id='word_1_174' title='bbox 513 4079 611 4161; x_wconf 70' lang='lat' dir='ltr'>laen</span> <span class='ocrx_word' id='word_1_175' title='bbox 631 4076 765 4158; x_wconf 74' lang='lat' dir='ltr'>scillae</span> <span class='ocrx_word' id='word_1_176' title='bbox 819 4091 1022 4179; x_wconf 75' lang='lat' dir='ltr'>qrammata</span> <span class='ocrx_word' id='word_1_177' title='bbox 1041 4092 1172 4156; x_wconf 71' lang='lat' dir='ltr'>ceratum</span> <span class='ocrx_word' id='word_1_178' title='bbox 1499 4087 1573 4158; x_wconf 88' lang='lat'>100</span> 
     </span>
     <span class='ocr_line' id='line_1_28' title="bbox 512 4207 1573 4310; baseline 0.001 -26"><span class='ocrx_word' id='word_1_179' title='bbox 512 4208 627 4285; x_wconf 76' lang='lat' dir='ltr'>llellis</span> <span class='ocrx_word' id='word_1_180' title='bbox 647 4207 815 4310; x_wconf 74' lang='lat' dir='ltr'>teporat!</span> <span class='ocrx_word' id='word_1_181' title='bbox 870 4218 1073 4307; x_wconf 67' lang='lat' dir='ltr'>gpommaln</span> <span class='ocrx_word' id='word_1_182' title='bbox 1094 4212 1239 4283; x_wconf 80' lang='lat' dir='ltr'>ducenta</span> <span class='ocrx_word' id='word_1_183' title='bbox 1496 4214 1573 4285; x_wconf 81' lang='grc'>000</span> 
     </span>
     <span class='ocr_line' id='line_1_29' title="bbox 484 4338 1573 4433; baseline 0.004 -23"><span class='ocrx_word' id='word_1_184' title='bbox 484 4338 657 4429; x_wconf 82' lang='lat' dir='ltr'>Evapora</span> <span class='ocrx_word' id='word_1_185' title='bbox 675 4338 711 4409; x_wconf 91' lang='lat' dir='ltr'>in</span> <span class='ocrx_word' id='word_1_186' title='bbox 732 4340 864 4428; x_wconf 90' lang='lat' dir='ltr'>lebete,</span> <span class='ocrx_word' id='word_1_187' title='bbox 885 4341 1137 4413; x_wconf 88' lang='lat' dir='ltr'>ebullitionem</span> <span class='ocrx_word' id='word_1_188' title='bbox 1165 4341 1349 4417; x_wconf 82' lang='lat' dir='ltr'>evitando.</span> <span class='ocrx_word' id='word_1_189' title='bbox 1373 4340 1418 4412; x_wconf 91' lang='lat' dir='ltr'>ad</span> <span class='ocrx_word' id='word_1_190' title='bbox 1446 4343 1573 4433; x_wconf 88' lang='lat' dir='ltr'>syrupi</span> 
     </span>
    </p>

    <p class='ocr_par' dir='ltr' id='par_1_9' title="bbox 376 4466 1572 4560">
     <span class='ocr_line' id='line_1_30' title="bbox 376 4466 1572 4560; baseline 0.003 -23"><span class='ocrx_word' id='word_1_191' title='bbox 376 4466 669 4556; x_wconf 85' lang='lat' dir='ltr'>consistentiam,</span> <span class='ocrx_word' id='word_1_192' title='bbox 709 4470 787 4538; x_wconf 90' lang='lat' dir='ltr'>tum</span> <span class='ocrx_word' id='word_1_193' title='bbox 824 4488 891 4558; x_wconf 86' lang='lat' dir='ltr'>per</span> <span class='ocrx_word' id='word_1_194' title='bbox 927 4468 1160 4539; x_wconf 83' lang='lat' dir='ltr'>manicarne</span> <span class='ocrx_word' id='word_1_195' title='bbox 1199 4490 1324 4560; x_wconf 84' lang='lat' dir='ltr'>pamm</span> <span class='ocrx_word' id='word_1_196' title='bbox 1366 4468 1572 4541; x_wconf 87' lang='lat' dir='ltr'>confectam</span> 
     </span>
    </p>

    <p class='ocr_par' dir='ltr' id='par_1_10' title="bbox 376 4592 1573 4687">
     <span class='ocr_line' id='line_1_31' title="bbox 376 4592 1573 4687; baseline 0.004 -24"><span class='ocrx_word' id='word_1_197' title='bbox 376 4596 536 4666; x_wconf 88' lang='lat' dir='ltr'>colatum</span> <span class='ocrx_word' id='word_1_198' title='bbox 558 4599 594 4664; x_wconf 88' lang='lat' dir='ltr'>et</span> <span class='ocrx_word' id='word_1_199' title='bbox 612 4592 865 4683; x_wconf 80' lang='lat' dir='ltr'>refrigeratum</span> <span class='ocrx_word' id='word_1_200' title='bbox 887 4595 923 4666; x_wconf 91' lang='lat' dir='ltr'>in</span> <span class='ocrx_word' id='word_1_201' title='bbox 943 4616 1034 4666; x_wconf 87' lang='lat' dir='ltr'>vase</span> <span class='ocrx_word' id='word_1_202' title='bbox 1055 4596 1237 4682; x_wconf 83' lang='lat' dir='ltr'>obturate,</span> <span class='ocrx_word' id='word_1_203' title='bbox 1265 4596 1300 4665; x_wconf 91' lang='lat' dir='ltr'>in</span> <span class='ocrx_word' id='word_1_204' title='bbox 1327 4596 1410 4667; x_wconf 88' lang='lat' dir='ltr'>loco</span> <span class='ocrx_word' id='word_1_205' title='bbox 1440 4596 1573 4687; x_wconf 80' lang='lat' dir='ltr'>frigido</span> 
     </span>
    </p>
   </div>
   <div class='ocr_carea' id='block_1_5' title="bbox 376 4744 527 4813">
    <p class='ocr_par' dir='ltr' id='par_1_11' title="bbox 376 4744 527 4813">
     <span class='ocr_line' id='line_1_32' title="bbox 376 4744 527 4813; baseline 0.007 -22"><span class='ocrx_word' id='word_1_206' title='bbox 376 4744 527 4813; x_wconf 80' lang='lat' dir='ltr'>sepone.</span> 
     </span>
    </p>
   </div>
   <div class='ocr_carea' id='block_1_6' title="bbox 0 0 1804 5534">
    <p class='ocr_par' dir='ltr' id='par_1_12' title="bbox 0 0 1804 5534">
     <span class='ocr_line' id='line_1_33' title="bbox 0 0 1804 5534; baseline 0 0"><span class='ocrx_word' id='word_1_207' title='bbox 0 0 1804 5534; x_wconf 95' lang='lat' dir='ltr'> </span> 
     </span>
    </p>
   </div>
  </div>
 </body>
</html>
