3600 5534
777 577 780 585 ·
852 532 1061 608 -roc-

359 747 644 842 praecipitatum
664 753 889 842 caeruleum,
920 757 1075 845 argento
1099 751 1231 825 nitrico
1255 751 1394 840 album,
1425 771 1536 825 caseo

359 897 455 964 sum,
490 878 681 950 ammonia
713 878 920 952 abundanti
950 880 1209 971 gelatinosum‚
1231 900 1250 949 e
1269 880 1384 952 rubro
1409 880 1557 952 tuscum

359 1003 483 1096 gignit.
531 1004 668 1097 Liquor
715 1027 760 1078 ex
807 1005 879 1078 hoc
917 1008 1048 1079 ultimo
1086 1005 1331 1098 praecipitato
1379 1006 1556 1079 filtrando

359 1131 542 1220 obtentus
558 1133 693 1206 coluris
711 1153 857 1224 expers,
876 1139 1123 1226 evaporatum
1138 1138 1174 1206 et
1189 1133 1451 1206 candefactum
1463 1132 1555 1205 resi-

359 1260 477 1332 duum
495 1259 638 1332 nullum
657 1260 852 1353 relinquat,
877 1282 1001 1352 neque
1015 1260 1181 1334 admixto
1197 1259 1350 1332 dimidio
1366 1260 1556 1333 volumine

358 1386 453 1458 acidi
474 1385 639 1460 sulfurici
660 1387 888 1460 concentrati
909 1393 946 1461 et
960 1387 1047 1460 dein
1067 1394 1177 1462 caute
1200 1387 1556 1480 superindrsasoiu·

359 1513 459 1586 tione
478 1513 564 1586 ferri
585 1514 761 1602 sulfurict
790 1536 834 1587 eo
853 1515 978 1607 plano,
1000 1535 1076 1605 quo
1094 1514 1191 1586 iuter
1211 1535 1254 1587 se
1272 1513 1441 1606 liquores
1471 1535 1557 1586 con-

358 1639 513 1731 tingunt,
535 1661 670 1714 zonam
690 1641 835 1714 fuscam
855 1640 1001 1714 efficiat.

467 1767 686 1840 Grammata
723 1769 853 1842 decem
881 1767 983 1842 Ferri
1017 1767 1306 1862 scsquichlorati
1343 1768 1382 1840 in
1420 1767 1567 1859 exigua·

359 1894 566 1988 quantitate
587 1916 708 1987 aquae
728 1896 863 1986 soluta,
893 1895 1067 1968 admixtis
1090 1896 1238 1969 duobus
1266 1894 1445 1988 grammis
1469 1895 1555 1967 kalii

358 2021 516 2094 chlorati
553 2022 737 2115 pulverati
776 2028 813 2095 et
849 2022 980 2115 viginti
1013 2021 1258 2097 centimetris
1279 2023 1418 2095 cubicis
1457 2022 1554 2094 acidi

358 2147 523 2221 sulfurici
570 2149 810 2238 concentrati‚
848 2150 1040 2239 calefacta,
1081 2152 1201 2223 donec
1247 2171 1409 2242 vapores
1457 2149 1554 2222 acidi

359 2275 524 2348 sulfurici
556 2275 706 2366 largiter
725 2276 951 2367 emittantur,
984 2278 1178 2350 residuum
1202 2277 1418 2370 praebeant,
1452 2276 1555 2368 quod

356 2402 615 2494 refrigeratum
649 2407 686 2474 et
718 2424 818 2495 aqua
850 2405 1015 2477 solutum
1044 2404 1286 2497 inapparatu
1317 2403 1469 2476 Marshii
1505 2425 1554 2476 ne

357 2531 509 2622 quidem
527 2530 685 2622 vestigia
704 2530 864 2603 arsenici
882 2530 1028 2624 prodat

465 2655 622 2752 Spiritus
640 2655 744 2729 Ferri
763 2655 1028 2752 sesquichlorati
1047 2656 1226 2750 acdrcrcua

294 3095 297 3102 ·
449 3051 670 3161 {terrum
691 3051 1181 3192 sesquichlcratum
1206 3026 1458 3162 salutum.

491 3290 589 3366 Ferri
611 3291 892 3394 sesquicidcrati
912 3292 1147 3393 crystallisnti
1283 3301 1424 3390 partem
1442 3317 1553 3365 unum

355 3419 459 3493 solve
479 3419 518 3491 in

493 3545 613 3648 tque
634 3543 846 3623 dcsttliatae
860 3553 967 3643 parte
986 3551 1136 3644 aequali.

465 3674 518 3746 Sit
536 3673 712 3767 ponderis
731 3674 895 3767 specifici
920 3676 1016 3748 l·28.

657 4068 882 4178 Ferrum
909 4069 1242 4177 sulturicum.

465 4311 634 4404 Crystalli
667 4312 1081 4402 subcaeruleo·virides,
1125 4321 1211 4386 aere
1244 4313 1473 4402 fatiscentes
1512 4311 1550 4383 in

357 4463 456 4534 aqua
471 4441 575 4512 facile
591 4439 781 4512 solubiles,
798 4439 943 4512 Solutio
959 4439 1317 4532 aquosareactionis
1335 4440 1550 4526 subaeidae‚

359 4569 506 4659 adjecto
536 4566 896 4658 kalio·ferricyanato
926 4567 1050 4639 soluto
1093 4567 1344 4639 sedimeutum
1395 4565 1552 4639 demittit

356 4695 504 4768 intense
525 4694 749 4782 caeruleum,
770 4695 884 4785 baryu
903 4695 1034 4765 uitrico
1055 4694 1191 4784 album,
1212 4693 1250 4765 iu
1276 4694 1391 4766 acidis
1412 4693 1549 4765 insolu-
