3600 5534
879 561 1120 633 -186-

514 778 655 850 Solutio
676 798 830 870 aquosa,
852 800 938 851 cum
963 779 1084 850 nutrio
1106 777 1389 869 lrydrooxydato
1409 778 1599 858 calefacta,

403 906 636 977 ammonium
646 926 694 976 ne
705 904 857 977 exhalet
863 928 872 993 ;
889 905 997 977 acido
1007 904 1294 995 hydrochlorico
1306 911 1599 997 supersuturata,

403 1054 472 1104 nec
492 1055 594 1125 aqua
612 1032 928 1123 hydrosult'urata,
949 1054 1017 1104 nec
1044 1033 1171 1106 addita
1191 1032 1389 1109 ammonia.
1411 1034 1599 1105 ammonio

404 1160 596 1249 sulfurato,
631 1181 702 1232 nec
748 1159 865 1249 haryo
913 1159 1044 1232 uitrico
1092 1166 1274 1246 mutatum
1324 1160 1431 1231 acido
1470 1160 1600 1231 uitrico

405 1288 603 1374 acidulata,
623 1290 778 1377 argento
794 1286 923 1358 uitrico
944 1309 1077 1379 parum
1097 1288 1248 1359 nonnisi
1266 1288 1455 1359 lactescat.

511 1432 729 1505 Grammata
754 1437 917 1523 quatuor
941 1432 1055 1504 Natrii
1084 1432 1393 1523 hydrocarbouici
1422 1432 1597 1522 igultioue

403 1584 450 1632 ue
471 1561 567 1632 ultra
587 1564 794 1650 grammata
819 1560 895 1630 duo
923 1565 959 1631 et
986 1558 1179 1659 dimidium
1207 1560 1345 1632 residui
1374 1559 1600 1649 relinquant:

403 1688 694 1777 deleigrantmata
728 1687 802 1757 duo
836 1687 973 1757 residui
1007 1687 1044 1757 in
1080 1708 1179 1777 aqua
1213 1686 1325 1757 soluti
1366 1707 1443 1757 uou
1476 1686 1600 1757 miuus

404 1835 516 1907 quarn
551 1815 768 1886 centiuielra
801 1813 931 1885 (eunica
968 1813 1115 1903 triginta
1155 1819 1298 1904 septeni
1332 1820 1368 1885 et
1406 1813 1600 1884 dimidium

404 1943 512 2029 (37·5
534 1940 606 2030 CC)
636 1940 834 2012 solutionis
854 1940 1138 2011 alcalinretricae
1159 1926 1423 2012 deeiuorrualis
1451 1942 1497 2011 all
1518 1961 1599 2031 per-

403 2069 538 2140 lectam
558 2068 901 2140 neutralisationeur
921 2073 1157 2140 consumant.

513 2194 654 2266 Pastilli
700 2222 717 2265 c
764 2193 894 2265 Natrio
941 2192 1245 2289 hydrocarbouico
1287 2195 1387 2267 Potio
1430 2192 1602 2289 liuyucsii

402 2322 516 2393 vitrici
547 2320 772 2416 effervescens.
820 2320 941 2391 Pulvis
983 2320 1201 2415 arrepturus.
1235 2320 1355 2392 Pulvis
1389 2320 1603 2415 (locuturus

404 2450 648 2521 Seidlitzenuis.

731 2916 978 3027 Natrlun
997 2916 1263 3055 jonatum.

511 3178 640 3252 Pulvis
661 3178 782 3266 albus,
803 3177 1052 3268 crystallinus
1073 3184 1158 3249 altre
1173 3177 1410 3265 humescenS,
1429 3178 1602 3251 facillime

406 3308 439 3378 iu
480 3328 580 3398 aqua
616 3318 686 3377 ue‘c'
723 3326 800 3377 non
838 3304 878 3378 in·
916 3305 1047 3397 spiritu
1091 3304 1172 3377 vini
1205 3305 1389 3388 solubilis
1428 3308 1602 3378 flammae

405 3434 579 3505 admotus
604 3432 700 3503 hanc
730 3433 852 3505 colore
878 3432 977 3504 ssavo
1006 3432 1125 3523 tingit:
1158 3432 1294 3503 solutio
1324 3454 1477 3523 aquosa,
1505 3456 1603 3525 aqua

405 3560 522 3633 chlori
560 3560 686 3632 addita
711 3564 747 3631 et
783 3582 868 3631 curu
911 3560 1174 3631 chlorolounio
1218 3565 1480 3651 conquassata,
1518 3560 1602 3632 lruic

405 3690 568 3761 colorem
586 3687 795 3761 violaceum
813 3688 944 3761 induit

513 3833 654 3906 Solutio
675 3856 819 3927 aquosa
842 3833 1041 3906 reactionis
1070 3832 1247 3922 neutrius,
1283 3832 1389 3905 acido
1428 3834 1601 3906 sulfurieo

405 3962 520 4033 ‹llluto
549 3983 617 4032 nee
641 3961 869 4049 effervescat,
895 3983 963 4033 nec
990 3961 1115 4033 statirn
1144 3963 1331 4042 tlavescat
1358 3981 1481 4052 neque
1504 3983 1601 4053 aqua

403 4087 710 4180 lrydrosulfurata
748 4088 807 4161 vel
850 4089 1042 4161 ammonio
1077 4087 1387 4179 'hydrosulfurato
1425 4093 1600 4161 mutetur.

405 4216 556 4303 Eadem,
577 4216 683 4288 acido
702 4216 833 4288 uitrico
850 4216 1048 4303 acidulata,
1070 4215 1184 4307 baryo
1203 4216 1335 4287 nitrico
1356 4216 1417 4288 vix
1437 4218 1604 4288 turbetur

405 4349 442 4416 et
476 4344 771 4435 praecipitatum,
799 4346 900 4435 quod
936 4348 1089 4435 argento
1115 4342 1246 4415 uitrico
1281 4341 1481 4433 obtinetur,
1516 4366 1601 4417 curu

405 4472 594 4542 animonia
605 4477 838 4563 quassatum,
849 4473 1031 4564 liquorem
1042 4470 1230 4562 praebeat,
1239 4470 1302 4561 qui
1312 4471 1484 4559 liltratuS,
1496 4471 1601 4543 acido

404 4598 534 4670 uitrico
564 4598 681 4672 diluto
712 4598 867 4689 adjecto.
896 4599 1043 4669 uounisl
1077 4598 1267 4683 lactescat,
1303 4599 1392 4689 quin
1427 4600 1601 4670 contiuuo

404 4726 655 4799 sedimentum
674 4727 849 4818 deponat.
