3600 5534
864 488 1102 576 —180-

805 713 1150 824 llcntlrolum.

488 942 658 1034 Crystalli
671 942 909 1035 prismaticae
922 942 980 1013 vel
991 940 1205 1033 aciculares
1226 941 1432 1031 decolores,
1448 942 1574 1015 odoris

380 1075 416 1142 et
435 1071 583 1162 saporis
605 1071 674 1142 olei
696 1070 871 1142 Menthae
891 1068 1084 1160 piperitae‚
1115 1069 1185 1141 sub
1215 1074 1468 1161 temperatura
1495 1069 1571 1141 W

379 1197 523 1269 circiter
534 1197 754 1288 liquescunt,
769 1197 806 1268 in
818 1217 918 1287 aqua
928 1216 1074 1287 parum,
1089 1196 1128 1267 in
1138 1196 1269 1289 spiritu
1280 1196 1356 1269 vini
1372 1202 1408 1269 et
1423 1196 1575 1269 aethere

378 1325 485 1398 lacile
515 1324 706 1412 solubiles
736 1323 860 1396 calore
890 1323 1015 1395 balnei
1045 1346 1166 1416 aquae
1201 1323 1393 1417 expositae
1425 1324 1574 1415 penitus

378 1456 619 1540 evanescunt,
640 1450 730 1543 quin
749 1451 971 1540 colorentur,

486 1578 718 1651 Mentholum
733 1579 931 1668 miscellae,
952 1602 997 1651 ex
1013 1578 1230 1651 centimetro
1246 1580 1378 1652 cubico
1392 1602 1469 1653 uno
1481 1580 1574 1653 acidi

380 1706 509 1778 acetici
524 1706 766 1794 concentrati,
787 1706 900 1797 guttis
920 1706 1040 1779 tribus
1056 1705 1150 1778 acidi
1166 1706 1332 1779 sulfurici
1348 1709 1576 1781 concentreti

379 1838 417 1907 et
436 1837 542 1926 gutta
561 1854 639 1905 una
658 1831 753 1904 acidi
772 1833 894 1905 nitrici
914 1834 1115 1921 conlectae,
1135 1833 1322 1923 ingestum
1348 1835 1511 1908 colorem
1530 1856 1577 1907 ne

379 1962 523 2034 induat.

693 2137 929 2245 Mixtura
954 2170 1250 2279 gemmoso.
1286 2152 1291 2161 '

379 2324 487 2417 Rpe:
517 2322 654 2398 Geni
674 2320 821 2399 teactae
840 2322 1020 2423 pulvereo
1048 2330 1249 2420 yrarnmato
1269 2324 1377 2396 decem
1529 2330 1575 2399 10

515 2446 683 2527 Suelteri
705 2448 885 2549 pullenti
1047 2460 1248 2548 yrorirmoto
1268 2454 1421 2548 quinque
1553 2456 1576 2527 5

379 2580 484 2654 solve
503 2580 645 2651 sensim
664 2579 893 2652 effundendo
913 2578 953 2651 in

515 2704 639 2806 Aque
659 2703 867 2781 destillant
1049 2708 1220 2803 yrammc'a·
1257 2715 1389 2780 ceolum>
1441 2715 1472 2778 cl

1106 2835 1254 2932 triqirrta
1274 2837 1436 2932 quinque.
1506 2838 1576 2909 135

487 2961 644 3035 Paretur
662 2982 709 3033 ex
727 2966 905 3053 ternpore.

578 3174 817 3280 Mixtura
843 3172 1360 3283 oleoso-balsamico.

661 3366 898 3444 Balsamum
922 3366 1027 3445 vitac
1051 3367 1302 3447 Hoffmanni.

378 3527 479 3619 Rpe:
517 3524 595 3602 tlct
616 3521 838 3602 lavendula

543 3706 567 3747 ‚‚
616 3648 705 3727 Cliti
950 3752 955 3765 Ι
1049 3651 1096 3725 ἷῖα
1113 3656 1402 3751 yrommata'duo
1556 3656 1578 3729 l

543 3832 565 3875 ,‚
614 3778 936 3879 tnryoptyttom

543 3963 566 4004 ‚‚
615 3907 764 3985 decidis

543 4090 566 4131 ‚‚
614 4032 776 4112 ducentii
796 4034 922 4112 flerem
1045 4036 1092 4109 oo
1109 4062 1273 4134 oramina
1292 4064 1401 4113 crtum
1559 4044 1575 4115 1

542 4216 565 4258 ‚‚
613 4161 829 4238 dicationi
1047 4170 1166 4262 quitos
1184 4166 1337 4263 quinque

515 4288 673 4368 Beleni
691 4286 880 4365 Petelini
1044 4300 1245 4389 qrammota
1264 4294 1332 4366 duo
1556 4299 1578 4369 2

516 4413 674 4516 Spiritus
694 4416 884 4493 eronelicl
1047 4428 1248 4517 qrammoto
1268 4424 1471 4519 quintanio.
1502 4426 1580 4497 500

420 4524 422 4527 y
489 4548 595 4622 Stcnt
619 4547 658 4619 in
693 4547 897 4638 digestione
927 4572 994 4641 per
1015 4549 1157 4640 aliquot
1186 4549 1278 4642 dies
1307 4550 1393 4623 dein
1413 4550 1582 4624 miscella

380 4677 473 4748 bene
503 4680 672 4748 saturata
702 4674 860 4748 filtretur
885 4681 923 4750 et
943 4682 1113 4749 servetur
1131 4674 1169 4746 in
1195 4675 1288 4749 vitro
1315 4678 1409 4750 bene
1439 4678 1579 4753 clauso.
