3600 5534
860 494 1104 565 -194-

725 702 915 813 0lcurn
942 704 1235 815 liueniculi.

487 928 515 999 E
536 929 714 1000 fructibus
734 928 922 1000 Foeniculi
942 934 1116 1021 peruium
1135 930 1182 1003 sii
1202 930 1408 1022 limpidum,
1431 930 1582 1001 decolor

379 1056 437 1126 vel
462 1077 597 1146 parurn
618 1058 838 1144 flavescens
858 1057 984 1129 odoris
1005 1056 1146 1129 fructus
1166 1055 1354 1129 Foeniculi
1373 1056 1581 1149 peculiaris,

381 1182 528 1273 superis
558 1180 762 1272 subdulcis,
800 1184 978 1273 ponderis
1009 1206 1108 1277 spec.
1138 1205 1215 1256 non
1244 1182 1430 1255 inferioris
1466 1204 1581 1275 quarn

378 1310 511 1381 0960.

487 1434 529 1507 In
556 1436 709 1529 spiritus
739 1436 813 1508 vini
838 1438 1068 1509 concenirati
1093 1437 1261 1529 pertibus
1283 1437 1401 1509 [ribus
1420 1438 1581 1529 perfecte

379 1562 555 1651 solvatur,
576 1563 714 1635 solutio
735 1564 905 1636 chartam
928 1564 1214 1659 exploratorianr
1235 1586 1282 1637 ne
1308 1568 1437 1653 mutet,
1458 1585 1581 1657 neque

377 1690 477 1761 ferro
498 1689 797 1783 sesquichloratn
818 1692 944 1763 addito
967 1692 1162 1765 coloretur.

455 2010 643 2120 0icurn
670 2012 983 2153 iiyusuyani
1012 2014 1262 2122 fuliurunr
1289 2020 1511 2122 curium.

379 2235 481 2327 Rpe:
521 2233 702 2311 Folium
725 2233 934 2336 iiyoscymi
956 2260 1083 2336 grosse
1106 2236 1378 2337 palmatorum

1107 2372 1309 2461 permeata
1328 2372 1473 2437 oenirum.
1508 2366 1583 2437 100

488 2488 638 2561 Macera
658 2510 746 2561 cunr

516 2614 674 2715 Spiritus
695 2614 770 2693 Vini
791 2615 900 2693 diluti
929 2618 1099 2713 sperneris
1118 2625 1250 2689 {culum
1510 2620 1583 2691 100

379 2764 447 2834 per
467 2744 667 2817 duedecim
685 2744 813 2817 horas,

491 2870 589 2942 Turn
610 2870 735 2963 digere
752 2894 837 2944 curn

517 2994 594 3071 0Ιοὶ
615 2994 739 3073 θΙΙηο
930 2998 1100 3093 prurientis
1119 2998 1211 3069 mille
1480 3000 1584 3072 1000

380 3120 416 3193 in
444 3123 581 3193 hainen
609 3146 743 3215 aquae,
770 3126 1005 3215 usquedum
1033 3124 1186 3217 spiritus
1219 3125 1412 3216 aufugerit,
1450 3126 1583 3199 deinde

380 3247 473 3336 cola,
495 3250 661 3341 exprime
682 3255 720 3322 et
737 3252 843 3323 filtra.

664 3535 848 3645 0lcunr
873 3537 1083 3645 Jecuris
1111 3537 1291 3646 uselli.

489 3760 543 3831 Ex
554 3760 688 3850 hepuie
698 3761 835 3832 recenti
854 3762 951 3832 Gadi
964 3760 1582 3854 Morrhuue(Linn.),piscismariu

379 3886 699 3978 septemtrionalia
731 3886 939 3979 incolentis,
961 3890 1034 3963 leni
1065 3892 1187 3963 celere
1208 3890 1244 3961 in
1273 3889 1409 3963 balneo
1430 3892 1581 3982 vaporis

379 4016 573 4087 obtentum
617 4014 743 4087 oleum
798 4018 947 4109 pingue,
995 4018 1296 4109 spissiusculurn,
1343 4017 1581 4107 pellucidum,

378 4144 585 4215 flavescens
615 4142 674 4213 vel
706 4142 857 4232 flevum,
891 4146 1018 4217 odoris
1054 4151 1090 4218 et
1114 4146 1259 4237 superis
1285 4144 1417 4217 debilis
1437 4144 1579 4236 piscini.

378 4270 432 4342 Ne
452 4270 501 4342 sit
517 4268 714 4341 rancidum
732 4291 825 4341 neve
846 4272 1049 4345 turbidum.
1073 4275 1187 4347 Gutta
1205 4294 1280 4345 une
1299 4270 1394 4344 acidi
1414 4270 1581 4343 suliurici

379 4395 609 4469 concenireti
649 4396 865 4470 instillendo
883 4399 923 4471 in
942 4401 1145 4473 nonnullas
1173 4404 1299 4492 guttas
1330 4398 1409 4471 Olei
1428 4398 1580 4483 iecoris,

379 4524 542 4616 primurn
558 4525 721 4596 colorem
732 4525 943 4599 violaceum
960 4528 1083 4617 efficit,
1100 4528 1163 4621 qui
1180 4528 1345 4601 celeriter
1359 4528 1397 4599 in
1418 4525 1578 4599 colorern

380 4673 400 4724 e
420 4652 701 4724 fusco-rubrum
722 4652 808 4727 abit.
