3600 5534
702 587 916 659 41.-

213 806 271 878 vel
290 804 553 893 fuscescentis‚
585 805 724 897 opacis
746 810 811 878 aut
834 805 963 897 paullo
985 805 1172 897 pinguiter
1195 803 1410 892 nitentibus

210 932 250 1005 in
264 932 428 1006 fractura
450 932 636 1005 conchata
656 932 785 1006 lacteis
807 937 872 1005 aut
895 931 1410 1022 subviolaceoalbicantibus

212 1061 351 1153 opab'ni
392 1061 611 1153 adspectus
654 1061 691 1133 in
724 1060 945 1152 fragmentis
983 1059 1159 1133 tenuibus
1201 1060 1409 1152 diapbanis

211 1187 450 1276 duriusculis,
484 1187 552 1259 sed
585 1208 723 1260 manus
751 1187 874 1260 calore
908 1186 1224 1274 mollescentibus
1264 1189 1410 1280 saporis

210 1315 340 1404 amari,
363 1314 458 1387 acris
476 1320 512 1387 et
525 1315 713 1404 nauseosi‚
734 1314 861 1387 odoris
882 1313 1079 1407 peculiaris
1099 1312 1203 1385 haud
1222 1315 1326 1404 grati.

320 1475 608 1550 Ammoniacum
624 1499 710 1550 cum
728 1499 829 1571 aqua
844 1477 1092 1550 emulsionem
1109 1478 1235 1550 albam
1246 1480 1409 1571 praebet,

213 1625 310 1696 quae
338 1605 464 1676 addito
491 1605 634 1697 liquore
655 1605 762 1677 natrii
782 1605 946 1698 caustici,
967 1606 1131 1678 colorem
1152 1607 1306 1694 flavum,
1331 1612 1410 1678 tum

212 1732 362 1804 fuscum
383 1731 506 1804 trahit.
528 1731 720 1804 Solutione
742 1733 845 1805 calcii
867 1732 1134 1824 hypochlorosi
1154 1733 1410 1805 humectatum

213 1859 378 1932 colorem
394 1860 653 1932 aurantiacum
669 1860 810 1951 accipit.
822 1859 932 1952 Aqua
942 1859 1188 1932 Ammoniaco
1203 1861 1411 1952 superfusa,

211 1986 339 2060 addita
359 1992 463 2078 gutta
483 1988 695 2060 ammoniae
713 2009 792 2060 non
812 1988 1010 2061 fluorescit.

323 2150 380 2222 Ad
413 2173 527 2225 usum
559 2152 904 2245 pharmaceuticum
937 2153 1007 2225 sub
1042 2157 1265 2244 tempestate
1292 2153 1412 2245 gelida

211 2278 487 2372 pulverandum
513 2285 550 2354 et
569 2302 640 2373 ope
660 2281 768 2353 cribri
793 2303 816 2352 a
836 2280 1047 2374 quisquiliis
1068 2281 1321 2373 separandum
1344 2285 1411 2353 est.

323 2441 566 2537 Erupiuatrum
585 2443 779 2539 Diachylon
799 2444 1036 2538 compositum,
1058 2441 1299 2537 Ernpiastrum
1314 2443 1411 2515 Meli·

213 2569 285 2642 loti.
306 2570 547 2667 emplastrum
563 2590 791 2667 oxycrocaun.

371 3001 699 3110 immanium
727 3006 991 3110 aceticum
1017 3001 1266 3112 salutum.

533 3231 685 3335 Liquor
707 3232 915 3311 Ammonii
938 3233 1093 3312 acetici.

216 3461 313 3556 Rpe:
344 3462 442 3539 beidi
463 3461 592 3539 teatini
613 3461 721 3540 diluti
919 3471 1115 3560 prmmrmtu
1135 3471 1276 3537 ceritum.
1338 3466 1412 3538 100

215 3590 402 3663 Paulatim
424 3590 521 3664 adde

356 3717 528 3794 innanti
550 3717 733 3795 sarbonici
755 3716 896 3793 raditur
917 3717 987 3792 tusi
1100 3746 1131 3814 q.
1154 3745 1182 3791 s.

218 3845 264 3918 ad
285 3847 491 3938 perfectam
510 3847 855 3920 neutralisatiunem

533 3976 625 4066 (circ.
646 3981 842 4071 pamniam
863 3974 989 4070 viptmi
1007 3981 1036 4044 et
1055 3975 1252 4047 dimidium.
1308 3975 1412 4053 aba)

218 4101 369 4194 Liquori
384 4101 521 4173 filtrato
542 4101 706 4174 admisce

354 4227 473 4329 Aquae
493 4227 702 4304 destinatae
1097 4253 1127 4323 q.
1143 4253 1170 4300 s.

216 4363 258 4430 ut
276 4358 413 4429 solutio
434 4358 483 4430 sit
501 4357 679 4449 ponderis
700 4357 859 4449 spectari
886 4357 983 4428 1·03.

328 4502 382 4573 Sit
400 4501 603 4594 limpidum,
634 4502 768 4573 coluris
797 4523 943 4593 erpere,
969 4523 1012 4572 ex
1035 4503 1175 4593 integro
1197 4503 1345 4575 volatile
1367 4511 1413 4589 et,
1548 4548 1551 4559 ·

219 4635 401 4721 quantum
422 4629 578 4702 obtineri
599 4635 732 4723 potest,
754 4637 941 4742 neutrum.
981 4617 1414 4722 Aquabydrosuliurata

220 4763 403 4829 tentatum
422 4778 469 4828 ne
490 4758 669 4830 turbetur.
