<?xml version="1.0" encoding="UTF-8"?>
<!DOCTYPE html PUBLIC "-//W3C//DTD XHTML 1.0 Transitional//EN"
    "http://www.w3.org/TR/xhtml1/DTD/xhtml1-transitional.dtd">
<html xmlns="http://www.w3.org/1999/xhtml" xml:lang="en" lang="en">
 <head>
  <title>
</title>
<meta http-equiv="Content-Type" content="text/html;charset=utf-8" />
  <meta name='ocr-system' content='tesseract 3.04.00' />
  <meta name='ocr-capabilities' content='ocr_page ocr_carea ocr_par ocr_line ocrx_word'/>
</head>
<body>
  <div class='ocr_page' id='page_1' title='image "./pharmacopoeaaus01unkngoog_0079.png"; bbox 0 0 3600 5534; ppageno 0'>
   <div class='ocr_carea' id='block_1_1' title="bbox 703 595 919 669">
    <p class='ocr_par' dir='ltr' id='par_1_1' title="bbox 703 595 919 669">
     <span class='ocr_line' id='line_1_1' title="bbox 703 595 919 669; baseline -0.009 -21"><span class='ocrx_word' id='word_1_1' title='bbox 703 595 919 669; x_wconf 62' lang='lat'>..51-</span> 
     </span>
    </p>
   </div>
   <div class='ocr_carea' id='block_1_2' title="bbox 210 812 1412 1944">
    <p class='ocr_par' dir='ltr' id='par_1_2' title="bbox 211 812 1412 1272">
     <span class='ocr_line' id='line_1_2' title="bbox 215 812 1412 908; baseline -0.003 -19"><span class='ocrx_word' id='word_1_2' title='bbox 215 818 296 905; x_wconf 87' lang='lat' dir='ltr'>bus,</span> <span class='ocrx_word' id='word_1_3' title='bbox 317 816 503 904; x_wconf 73' lang='lat' dir='ltr'>mollibus</span> <span class='ocrx_word' id='word_1_4' title='bbox 524 815 559 886; x_wconf 91' lang='lat' dir='ltr'>ln</span> <span class='ocrx_word' id='word_1_5' title='bbox 582 835 734 908; x_wconf 70' lang='lat' dir='ltr'>corpore</span> <span class='ocrx_word' id='word_1_6' title='bbox 755 812 837 905; x_wconf 81' lang='lat' dir='ltr'>pilis</span> <span class='ocrx_word' id='word_1_7' title='bbox 856 812 1064 886; x_wconf 80' lang='lat' dir='ltr'>tenerrimis</span> <span class='ocrx_word' id='word_1_8' title='bbox 1084 812 1227 906; x_wconf 84' lang='lat' dir='ltr'><strong>sparsis</strong></span> <span class='ocrx_word' id='word_1_9' title='bbox 1243 813 1412 901; x_wconf 88' lang='lat' dir='ltr'>obsessa,</span> 
     </span>
     <span class='ocr_line' id='line_1_3' title="bbox 212 939 1411 1037; baseline -0.006 -21"><span class='ocrx_word' id='word_1_10' title='bbox 212 945 370 1037; x_wconf 87' lang='lat' dir='ltr'>pedibus</span> <span class='ocrx_word' id='word_1_11' title='bbox 400 943 531 1035; x_wconf 85' lang='lat' dir='ltr'>longis,</span> <span class='ocrx_word' id='word_1_12' title='bbox 575 941 814 1028; x_wconf 71' lang='lat' dir='ltr'>tenuissimis</span> <span class='ocrx_word' id='word_1_13' title='bbox 848 939 973 1032; x_wconf 84' lang='lat' dir='ltr'>nigris,</span> <span class='ocrx_word' id='word_1_14' title='bbox 1016 940 1142 1013; x_wconf 87' lang='lat' dir='ltr'>odoris</span> <span class='ocrx_word' id='word_1_15' title='bbox 1171 940 1411 1032; x_wconf 77' lang='lat' dir='ltr'>penetrantis,</span> 
     </span>
     <span class='ocr_line' id='line_1_4' title="bbox 213 1067 1411 1162; baseline -0.004 -18"><span class='ocrx_word' id='word_1_16' title='bbox 213 1071 347 1162; x_wconf 76' lang='lat' dir='ltr'>gravis</span> <span class='ocrx_word' id='word_1_17' title='bbox 377 1071 500 1158; x_wconf 85' lang='lat' dir='ltr'>virosi,</span> <span class='ocrx_word' id='word_1_18' title='bbox 529 1069 675 1162; x_wconf 88' lang='lat' dir='ltr'>saporis</span> <span class='ocrx_word' id='word_1_19' title='bbox 697 1070 743 1140; x_wconf 90' lang='lat' dir='ltr'>ab</span> <span class='ocrx_word' id='word_1_20' title='bbox 767 1067 870 1141; x_wconf 89' lang='lat' dir='ltr'>initio</span> <span class='ocrx_word' id='word_1_21' title='bbox 896 1088 1031 1160; x_wconf 86' lang='lat' dir='ltr'>parum</span> <span class='ocrx_word' id='word_1_22' title='bbox 1050 1067 1247 1155; x_wconf 80' lang='lat' dir='ltr'>manifesti,</span> <span class='ocrx_word' id='word_1_23' title='bbox 1276 1067 1411 1140; x_wconf 87' lang='lat' dir='ltr'>deinde</span> 
     </span>
     <span class='ocr_line' id='line_1_5' title="bbox 211 1199 389 1272; baseline 0 0"><span class='ocrx_word' id='word_1_24' title='bbox 211 1199 389 1272; x_wconf 81' lang='lat' dir='ltr'>acerrimi.</span> 
     </span>
    </p>

    <p class='ocr_par' dir='ltr' id='par_1_3' title="bbox 211 1341 1411 1565">
     <span class='ocr_line' id='line_1_6' title="bbox 324 1341 1411 1434; baseline -0.006 -16"><span class='ocrx_word' id='word_1_25' title='bbox 324 1345 568 1418; x_wconf 85' lang='lat' dir='ltr'>Cantharides</span> <span class='ocrx_word' id='word_1_26' title='bbox 598 1343 815 1417; x_wconf 78' lang='lat' dir='ltr'>combustae</span> <span class='ocrx_word' id='word_1_27' title='bbox 846 1342 980 1415; x_wconf 88' lang='lat' dir='ltr'>cineris</span> <span class='ocrx_word' id='word_1_28' title='bbox 1009 1363 1055 1414; x_wconf 86' lang='lat' dir='ltr'>ex</span> <span class='ocrx_word' id='word_1_29' title='bbox 1075 1347 1224 1414; x_wconf 85' lang='lat' dir='ltr'>centum</span> <span class='ocrx_word' id='word_1_30' title='bbox 1244 1341 1411 1434; x_wconf 83' lang='lat' dir='ltr'>partibus</span> 
     </span>
     <span class='ocr_line' id='line_1_7' title="bbox 211 1471 988 1565; baseline -0.003 -21"><span class='ocrx_word' id='word_1_31' title='bbox 211 1495 257 1544; x_wconf 85' lang='lat' dir='ltr'>ne</span> <span class='ocrx_word' id='word_1_32' title='bbox 280 1473 363 1565; x_wconf 76' lang='lat' dir='ltr'>plus</span> <span class='ocrx_word' id='word_1_33' title='bbox 384 1494 496 1564; x_wconf 85' lang='lat' dir='ltr'>quam</span> <span class='ocrx_word' id='word_1_34' title='bbox 517 1476 601 1544; x_wconf 88' lang='lat' dir='ltr'>octo</span> <span class='ocrx_word' id='word_1_35' title='bbox 621 1476 747 1563; x_wconf 83' lang='lat' dir='ltr'>partes</span> <span class='ocrx_word' id='word_1_36' title='bbox 766 1471 988 1562; x_wconf 81' lang='lat' dir='ltr'>relinquant.</span> 
     </span>
    </p>

    <p class='ocr_par' dir='ltr' id='par_1_4' title="bbox 210 1595 1411 1944">
     <span class='ocr_line' id='line_1_8' title="bbox 321 1595 1409 1692; baseline -0.002 -22"><span class='ocrx_word' id='word_1_37' title='bbox 321 1599 517 1692; x_wconf 81' lang='lat' dir='ltr'>Apadnas</span> <span class='ocrx_word' id='word_1_38' title='bbox 537 1598 729 1670; x_wconf 87' lang='lat' dir='ltr'>mensibus</span> <span class='ocrx_word' id='word_1_39' title='bbox 748 1597 858 1670; x_wconf 85' lang='lat' dir='ltr'>Junio</span> <span class='ocrx_word' id='word_1_40' title='bbox 875 1602 911 1670; x_wconf 88' lang='lat' dir='ltr'>et</span> <span class='ocrx_word' id='word_1_41' title='bbox 926 1596 1032 1685; x_wconf 80' lang='lat' dir='ltr'>iulia,</span> <span class='ocrx_word' id='word_1_42' title='bbox 1048 1595 1282 1689; x_wconf 84' lang='lat' dir='ltr'>potissimum</span> <span class='ocrx_word' id='word_1_43' title='bbox 1300 1596 1409 1668; x_wconf 83' lang='lat' dir='ltr'>fraxi-</span> 
     </span>
     <span class='ocr_line' id='line_1_9' title="bbox 210 1723 1411 1818; baseline -0.005 -19"><span class='ocrx_word' id='word_1_44' title='bbox 210 1748 292 1812; x_wconf 73' lang='lat' dir='ltr'>nos</span> <span class='ocrx_word' id='word_1_45' title='bbox 308 1726 463 1818; x_wconf 82' lang='lat' dir='ltr'>ligustra</span> <span class='ocrx_word' id='word_1_46' title='bbox 478 1730 514 1797; x_wconf 89' lang='lat' dir='ltr'>et</span> <span class='ocrx_word' id='word_1_47' title='bbox 528 1725 699 1816; x_wconf 80' lang='lat' dir='ltr'>syringas</span> <span class='ocrx_word' id='word_1_48' title='bbox 715 1725 895 1816; x_wconf 83' lang='lat' dir='ltr'>gregatim</span> <span class='ocrx_word' id='word_1_49' title='bbox 912 1725 1167 1817; x_wconf 68' lang='lat' dir='ltr'>depascentes</span> <span class='ocrx_word' id='word_1_50' title='bbox 1189 1723 1411 1815; x_wconf 84' lang='lat' dir='ltr'>colliguntur</span> 
     </span>
     <span class='ocr_line' id='line_1_10' title="bbox 211 1851 1408 1944; baseline -0.003 -18"><span class='ocrx_word' id='word_1_51' title='bbox 211 1857 247 1926; x_wconf 89' lang='lat' dir='ltr'>et</span> <span class='ocrx_word' id='word_1_52' title='bbox 262 1854 357 1926; x_wconf 87' lang='lat' dir='ltr'>bene</span> <span class='ocrx_word' id='word_1_53' title='bbox 372 1852 579 1926; x_wconf 83' lang='lat' dir='ltr'>exsiccatae</span> <span class='ocrx_word' id='word_1_54' title='bbox 594 1852 633 1926; x_wconf 95' lang='lat' dir='ltr'>in</span> <span class='ocrx_word' id='word_1_55' title='bbox 648 1851 749 1924; x_wconf 89' lang='lat' dir='ltr'>vasis</span> <span class='ocrx_word' id='word_1_56' title='bbox 763 1851 903 1944; x_wconf 88' lang='lat' dir='ltr'>optime</span> <span class='ocrx_word' id='word_1_57' title='bbox 919 1852 1057 1926; x_wconf 85' lang='lat' dir='ltr'>clausis</span> <span class='ocrx_word' id='word_1_58' title='bbox 1074 1855 1181 1924; x_wconf 87' lang='lat' dir='ltr'>caute</span> <span class='ocrx_word' id='word_1_59' title='bbox 1201 1858 1408 1925; x_wconf 86' lang='lat' dir='ltr'>serventur.</span> 
     </span>
    </p>
   </div>
   <div class='ocr_carea' id='block_1_3' title="bbox 203 1996 1409 2222">
    <p class='ocr_par' dir='ltr' id='par_1_5' title="bbox 203 1996 1409 2222">
     <span class='ocr_line' id='line_1_11' title="bbox 325 1996 1409 2092; baseline -0.001 -23"><span class='ocrx_word' id='word_1_60' title='bbox 325 1997 498 2070; x_wconf 79' lang='lat' dir='ltr'>Tinctara.</span> <span class='ocrx_word' id='word_1_61' title='bbox 529 1997 772 2092; x_wconf 74' lang='lat' dir='ltr'>Emplastram</span> <span class='ocrx_word' id='word_1_62' title='bbox 796 1996 1048 2068; x_wconf 72' lang='lat' dir='ltr'>Cantharidum</span> <span class='ocrx_word' id='word_1_63' title='bbox 1068 1996 1301 2068; x_wconf 68' lang='lat' dir='ltr'>ordinarium.</span> <span class='ocrx_word' id='word_1_64' title='bbox 1324 1997 1409 2068; x_wconf 83' lang='lat' dir='ltr'>Em-</span> 
     </span>
     <span class='ocr_line' id='line_1_12' title="bbox 203 2123 885 2222; baseline -0.006 -24"><span class='ocrx_word' id='word_1_65' title='bbox 203 2126 379 2222; x_wconf 76' lang='lat' dir='ltr'>plastram</span> <span class='ocrx_word' id='word_1_66' title='bbox 405 2123 656 2198; x_wconf 71' lang='lat' dir='ltr'>Cantharidum</span> <span class='ocrx_word' id='word_1_67' title='bbox 669 2131 885 2220; x_wconf 75' lang='lat' dir='ltr'>perpetuam.</span> 
     </span>
    </p>
   </div>
   <div class='ocr_carea' id='block_1_4' title="bbox 455 2573 1160 2719">
    <p class='ocr_par' dir='ltr' id='par_1_6' title="bbox 455 2573 1160 2719">
     <span class='ocr_line' id='line_1_13' title="bbox 455 2573 1160 2719; baseline 0.01 -36"><span class='ocrx_word' id='word_1_68' title='bbox 455 2575 631 2683; x_wconf 76' lang='lat' dir='ltr'>(larba</span> <span class='ocrx_word' id='word_1_69' title='bbox 658 2577 816 2718; x_wconf 81' lang='lat' dir='ltr'>ligni</span> <span class='ocrx_word' id='word_1_70' title='bbox 843 2573 1160 2719; x_wconf 78' lang='lat' dir='ltr'>depuratus,</span> 
     </span>
    </p>
   </div>
   <div class='ocr_carea' id='block_1_5' title="bbox 208 2813 1115 2919">
    <p class='ocr_par' dir='ltr' id='par_1_7' title="bbox 208 2813 1115 2919">
     <span class='ocr_line' id='line_1_14' title="bbox 208 2813 1115 2919; baseline -0.004 -27"><span class='ocrx_word' id='word_1_71' title='bbox 208 2819 311 2911; x_wconf 86' lang='lat' dir='ltr'>Rpe:</span> <span class='ocrx_word' id='word_1_72' title='bbox 341 2813 513 2894; x_wconf 73' lang='lat' dir='ltr'>loricula</span> <span class='ocrx_word' id='word_1_73' title='bbox 533 2817 623 2919; x_wconf 73' lang='lat' dir='ltr'>ligni</span> <span class='ocrx_word' id='word_1_74' title='bbox 642 2814 719 2894; x_wconf 77' lang='lat' dir='ltr'>l&#39;lnl</span> <span class='ocrx_word' id='word_1_75' title='bbox 739 2814 775 2892; x_wconf 85' lang='lat' dir='ltr'>ln</span> <span class='ocrx_word' id='word_1_76' title='bbox 793 2815 920 2894; x_wconf 78' lang='lat' dir='ltr'>trustis</span> <span class='ocrx_word' id='word_1_77' title='bbox 1031 2844 1063 2914; x_wconf 88' lang='lat' dir='ltr'>q.</span> <span class='ocrx_word' id='word_1_78' title='bbox 1085 2843 1115 2889; x_wconf 75' lang='lat' dir='ltr'>a.</span> 
     </span>
    </p>
   </div>
   <div class='ocr_carea' id='block_1_6' title="bbox 206 2963 1406 3312">
    <p class='ocr_par' dir='ltr' id='par_1_8' title="bbox 206 2963 1406 3312">
     <span class='ocr_line' id='line_1_15' title="bbox 336 2963 1406 3056; baseline 0.001 -21"><span class='ocrx_word' id='word_1_79' title='bbox 336 2963 595 3037; x_wconf 83' lang='lat' dir='ltr'>Excandescat</span> <span class='ocrx_word' id='word_1_80' title='bbox 611 2965 649 3036; x_wconf 91' lang='lat' dir='ltr'>in</span> <span class='ocrx_word' id='word_1_81' title='bbox 666 2984 755 3035; x_wconf 88' lang='lat' dir='ltr'>vase</span> <span class='ocrx_word' id='word_1_82' title='bbox 774 2963 904 3052; x_wconf 81' lang='lat' dir='ltr'>ferreo,</span> <span class='ocrx_word' id='word_1_83' title='bbox 924 2963 1019 3036; x_wconf 91' lang='lat' dir='ltr'>bene</span> <span class='ocrx_word' id='word_1_84' title='bbox 1037 2968 1146 3050; x_wconf 85' lang='lat' dir='ltr'>tecta,</span> <span class='ocrx_word' id='word_1_85' title='bbox 1166 2967 1246 3036; x_wconf 90' lang='lat' dir='ltr'>tum</span> <span class='ocrx_word' id='word_1_86' title='bbox 1261 2964 1406 3056; x_wconf 83' lang='lat' dir='ltr'>refrige-</span> 
     </span>
     <span class='ocr_line' id='line_1_16' title="bbox 206 3090 1406 3184; baseline 0 -21"><span class='ocrx_word' id='word_1_87' title='bbox 206 3098 340 3178; x_wconf 90' lang='lat' dir='ltr'>ratum,</span> <span class='ocrx_word' id='word_1_88' title='bbox 357 3113 379 3163; x_wconf 90' lang='lat' dir='ltr'>a</span> <span class='ocrx_word' id='word_1_89' title='bbox 394 3090 579 3164; x_wconf 90' lang='lat' dir='ltr'>cineribus</span> <span class='ocrx_word' id='word_1_90' title='bbox 596 3093 820 3184; x_wconf 90' lang='lat' dir='ltr'>depuratum</span> <span class='ocrx_word' id='word_1_91' title='bbox 833 3090 917 3164; x_wconf 88' lang='lat' dir='ltr'>etin</span> <span class='ocrx_word' id='word_1_92' title='bbox 927 3092 1119 3184; x_wconf 86' lang='lat' dir='ltr'>pulverem</span> <span class='ocrx_word' id='word_1_93' title='bbox 1128 3091 1258 3164; x_wconf 88' lang='lat' dir='ltr'>tritum</span> <span class='ocrx_word' id='word_1_94' title='bbox 1268 3091 1306 3163; x_wconf 91' lang='lat' dir='ltr'>in</span> <span class='ocrx_word' id='word_1_95' title='bbox 1316 3113 1406 3164; x_wconf 88' lang='lat' dir='ltr'>vase</span> 
     </span>
     <span class='ocr_line' id='line_1_17' title="bbox 207 3217 660 3312; baseline 0.007 -22"><span class='ocrx_word' id='word_1_96' title='bbox 207 3219 302 3291; x_wconf 89' lang='lat' dir='ltr'>bene</span> <span class='ocrx_word' id='word_1_97' title='bbox 323 3217 452 3291; x_wconf 87' lang='lat' dir='ltr'>clauso</span> <span class='ocrx_word' id='word_1_98' title='bbox 472 3239 621 3312; x_wconf 88' lang='lat' dir='ltr'>repone.</span> <span class='ocrx_word' id='word_1_99' title='bbox 659 3245 660 3248; x_wconf 38' lang='lat'>¹</span> 
     </span>
    </p>
   </div>
   <div class='ocr_carea' id='block_1_7' title="bbox 316 3361 812 3460">
    <p class='ocr_par' dir='ltr' id='par_1_9' title="bbox 316 3361 812 3460">
     <span class='ocr_line' id='line_1_18' title="bbox 316 3361 812 3460; baseline 0 -26"><span class='ocrx_word' id='word_1_100' title='bbox 316 3361 442 3435; x_wconf 80' lang='lat' dir='ltr'>Pulvis</span> <span class='ocrx_word' id='word_1_101' title='bbox 463 3362 683 3458; x_wconf 71' lang='lat' dir='ltr'>damfricias</span> <span class='ocrx_word' id='word_1_102' title='bbox 704 3362 812 3460; x_wconf 72' lang='lat' dir='ltr'>aiacr.</span> 
     </span>
    </p>
   </div>
   <div class='ocr_carea' id='block_1_8' title="bbox 630 3793 965 3938">
    <p class='ocr_par' dir='ltr' id='par_1_10' title="bbox 630 3793 965 3938">
     <span class='ocr_line' id='line_1_19' title="bbox 630 3793 965 3938; baseline 0.024 -34"><span class='ocrx_word' id='word_1_103' title='bbox 630 3793 965 3938; x_wconf 79' lang='lat' dir='ltr'>Carrageen.</span> 
     </span>
    </p>
   </div>
   <div class='ocr_carea' id='block_1_9' title="bbox 640 4039 957 4149">
    <p class='ocr_par' dir='ltr' id='par_1_11' title="bbox 640 4039 957 4149">
     <span class='ocr_line' id='line_1_20' title="bbox 640 4039 957 4149; baseline 0 -27"><span class='ocrx_word' id='word_1_104' title='bbox 640 4044 746 4147; x_wconf 85' lang='lat' dir='ltr'>Alga</span> <span class='ocrx_word' id='word_1_105' title='bbox 764 4039 957 4149; x_wconf 84' lang='lat' dir='ltr'>Caragen.</span> 
     </span>
    </p>
   </div>
   <div class='ocr_carea' id='block_1_10' title="bbox 317 4251 1402 4355">
    <p class='ocr_par' dir='ltr' id='par_1_12' title="bbox 317 4251 1402 4355">
     <span class='ocr_line' id='line_1_21' title="bbox 317 4251 1402 4355; baseline 0.006 -30"><span class='ocrx_word' id='word_1_106' title='bbox 317 4251 501 4326; x_wconf 69' lang='lat' dir='ltr'>Charadrus</span> <span class='ocrx_word' id='word_1_107' title='bbox 512 4255 651 4352; x_wconf 70' lang='lat' dir='ltr'>crispas</span> <span class='ocrx_word' id='word_1_108' title='bbox 671 4255 879 4347; x_wconf 82' lang='lat' dir='ltr'>Lyngbye</span> <span class='ocrx_word' id='word_1_109' title='bbox 899 4262 936 4331; x_wconf 88' lang='lat' dir='ltr'>et</span> <span class='ocrx_word' id='word_1_110' title='bbox 960 4259 1147 4355; x_wconf 72' lang='lat' dir='ltr'>Giyartiaa</span> <span class='ocrx_word' id='word_1_111' title='bbox 1166 4261 1402 4332; x_wconf 69' lang='lat' dir='ltr'>alammillasa</span> 
     </span>
    </p>
   </div>
   <div class='ocr_carea' id='block_1_11' title="bbox 201 4381 1400 4606">
    <p class='ocr_par' dir='ltr' id='par_1_13' title="bbox 201 4381 1400 4606">
     <span class='ocr_line' id='line_1_22' title="bbox 201 4381 1400 4480; baseline 0.006 -27"><span class='ocrx_word' id='word_1_112' title='bbox 201 4381 414 4473; x_wconf 73' lang='lat' dir='ltr'>agarna,</span> <span class='ocrx_word' id='word_1_113' title='bbox 445 4381 552 4472; x_wconf 83' lang='lat' dir='ltr'>algae</span> <span class='ocrx_word' id='word_1_114' title='bbox 591 4383 638 4456; x_wconf 89' lang='lat' dir='ltr'>ad</span> <span class='ocrx_word' id='word_1_115' title='bbox 676 4384 789 4456; x_wconf 86' lang='lat' dir='ltr'>maris</span> <span class='ocrx_word' id='word_1_116' title='bbox 822 4383 996 4458; x_wconf 83' lang='lat' dir='ltr'>Atlantici</span> <span class='ocrx_word' id='word_1_117' title='bbox 1031 4387 1139 4460; x_wconf 88' lang='lat' dir='ltr'>litora</span> <span class='ocrx_word' id='word_1_118' title='bbox 1176 4387 1400 4480; x_wconf 86' lang='lat' dir='ltr'>frequentes</span> 
     </span>
     <span class='ocr_line' id='line_1_23' title="bbox 201 4505 668 4606; baseline 0 -24"><span class='ocrx_word' id='word_1_119' title='bbox 201 4505 394 4582; x_wconf 65' lang='lat' dir='ltr'>mamae.</span> <span class='ocrx_word' id='word_1_120' title='bbox 430 4509 668 4606; x_wconf 72' lang='lat' dir='ltr'>Giyartiaeaa.</span> 
     </span>
    </p>
   </div>
   <div class='ocr_carea' id='block_1_12' title="bbox 310 4654 1400 4750">
    <p class='ocr_par' dir='ltr' id='par_1_14' title="bbox 310 4654 1400 4750">
     <span class='ocr_line' id='line_1_24' title="bbox 310 4654 1400 4750; baseline 0.007 -24"><span class='ocrx_word' id='word_1_121' title='bbox 310 4654 465 4728; x_wconf 88' lang='lat' dir='ltr'>Plantae</span> <span class='ocrx_word' id='word_1_122' title='bbox 482 4655 642 4729; x_wconf 83' lang='lat' dir='ltr'>siccatae</span> <span class='ocrx_word' id='word_1_123' title='bbox 656 4655 774 4730; x_wconf 87' lang='lat' dir='ltr'>thalla</span> <span class='ocrx_word' id='word_1_124' title='bbox 795 4657 908 4750; x_wconf 90' lang='lat' dir='ltr'>plano</span> <span class='ocrx_word' id='word_1_125' title='bbox 925 4665 991 4732; x_wconf 88' lang='lat' dir='ltr'>aut</span> <span class='ocrx_word' id='word_1_126' title='bbox 1005 4659 1262 4749; x_wconf 87' lang='lat' dir='ltr'>canaliculata,</span> <span class='ocrx_word' id='word_1_127' title='bbox 1276 4662 1400 4736; x_wconf 89' lang='lat' dir='ltr'>dicho-</span> 
     </span>
    </p>
   </div>
   <div class='ocr_carea' id='block_1_13' title="bbox 201 4780 1399 4979">
    <p class='ocr_par' dir='ltr' id='par_1_15' title="bbox 201 4780 1399 4979">
     <span class='ocr_line' id='line_1_25' title="bbox 201 4780 1399 4876; baseline 0.008 -24"><span class='ocrx_word' id='word_1_128' title='bbox 201 4786 315 4870; x_wconf 87' lang='lat' dir='ltr'>tom0,</span> <span class='ocrx_word' id='word_1_129' title='bbox 353 4780 495 4854; x_wconf 89' lang='lat' dir='ltr'>laciniis</span> <span class='ocrx_word' id='word_1_130' title='bbox 535 4783 869 4875; x_wconf 75' lang='lat' dir='ltr'>diversiiormibuS‚</span> <span class='ocrx_word' id='word_1_131' title='bbox 907 4807 1008 4858; x_wconf 89' lang='lat' dir='ltr'>nunc</span> <span class='ocrx_word' id='word_1_132' title='bbox 1045 4787 1251 4876; x_wconf 82' lang='lat' dir='ltr'>latioribus,</span> <span class='ocrx_word' id='word_1_133' title='bbox 1300 4811 1399 4861; x_wconf 88' lang='lat' dir='ltr'>nunc</span> 
     </span>
     <span class='ocr_line' id='line_1_26' title="bbox 1146 4923 1183 4979; baseline 0 -15"><span class='ocrx_word' id='word_1_134' title='bbox 1146 4923 1183 4979; x_wconf 68' lang='grc'>4*</span> 
     </span>
    </p>
   </div>
   <div class='ocr_carea' id='block_1_14' title="bbox 0 0 1804 5534">
    <p class='ocr_par' dir='ltr' id='par_1_16' title="bbox 0 0 1804 5534">
     <span class='ocr_line' id='line_1_27' title="bbox 0 0 1804 5534; baseline 0 4"><span class='ocrx_word' id='word_1_135' title='bbox 0 0 1804 5534; x_wconf 95' lang='lat' dir='ltr'> </span> 
     </span>
    </p>
   </div>
  </div>
 </body>
</html>
