3600 5534
879 526 1097 597 ...44-

387 741 525 812 sensim
545 741 761 828 ingerantur
775 743 812 813 in
832 743 1063 815 cucurbitam
1084 765 1180 835 quae
1201 743 1381 817 continet:

496 901 596 979 letti
617 903 738 979 1111101
759 906 982 982 eeneentratt
1042 914 1239 1001 prurnmutu
1260 907 1402 978 diruente
1420 914 1450 979 et

1095 1036 1284 1129 0000911110.
1507 1035 1585 1107 auu

496 1173 780 1286 Languascente
800 1196 987 1269 solutione
1005 1195 1079 1267 vim
1096 1195 1192 1268 acioli
1208 1196 1461 1269 calefaciendo
1478 1219 1585 1289 auge,

388 1343 511 1412 usque
533 1323 619 1394 dum
642 1322 807 1394 ebulliat.

494 1478 634 1577 Liquor
652 1490 784 1578 partus
805 1485 962 1558 filtretur
982 1491 1019 1559 et
1038 1487 1242 1560 misceatur
1261 1509 1348 1558 cum

497 1646 617 1745 1111010
637 1644 844 1723 destillatae
864 1650 1111 1749 tenperatara
1130 1647 1200 1723 ⁴0⁰

946 1784 1182 1871 Ι0100111101001
1203 1801 1262 1848 aex
1280 1777 1447 1849 millibus.
1480 1779 1585 1850 6000

495 1938 784 2030 Praecipitatum
803 1938 890 2010 inde
911 1944 1044 2031 ortum,
1063 1940 1161 2012 filtro
1182 1941 1380 2032 collectum
1399 1947 1511 2034 atque

496 2100 615 2200 11111110
635 2098 843 2178 destinatae
865 2105 1113 2202 temperatura
1133 2103 1195 2179 11Ο

1060 2233 1230 2327 promittis
1251 2233 1448 2327 qaiopcatia
1506 2233 1584 2304 500

386 2394 516 2481 lotum,
536 2392 630 2464 inter
650 2391 818 2464 chartam
841 2391 1007 2464 bibulam
1032 2394 1262 2486 exprimatur
1290 2399 1327 2466 et
1347 2392 1429 2465 loco
1451 2393 1583 2485 frigido

387 2521 566 2593 umbroso
587 2519 754 2591 siccetur.

494 2647 620 2720 Pulvis
631 2646 879 2737 crystallinus
895 2647 1015 2736 albus,
1030 2649 1230 2721 reactionis
1244 2648 1384 2737 acidae,
1400 2649 1437 2720 in
1452 2650 1583 2721 tubulo

388 2779 505 2852 vitreo
539 2775 750 2865 0010100100,
784 2797 944 2868 vapores
978 2776 1101 2869 primo
1136 2799 1280 2870 aqueos
1312 2782 1399 2870 post
1435 2776 1588 2849 nitricos

389 2907 521 2979 emittit
553 2913 589 2980 et
616 2908 807 2982 residuum
833 2909 974 2980 ssavum
1003 2908 1190 2981 Bismuthi
1219 2908 1371 2999 oxydati
1400 2906 1586 2998 relinquit,

388 3033 485 3105 kalio
515 3033 799 3124 hydrooxydato
829 3033 952 3106 soluto
982 3034 1109 3107 addito
1129 3035 1332 3108 calefactus
1355 3035 1587 3106 ammoniam

389 3182 435 3233 ne
456 3162 614 3235 exhalet.

498 3289 539 3360 ln
555 3289 661 3360 acido
677 3289 807 3362 nitrico
822 3288 938 3361 diluto
955 3288 1096 3380 absque
1112 3289 1394 3361 effervescentia
1408 3289 1586 3361 solvatur.

389 3415 488 3489 Haec
504 3416 650 3501 solutio,
666 3437 781 3507 parva
801 3437 924 3506 aquae
944 3416 1153 3488 destillalae
1173 3416 1344 3507 portione
1367 3415 1495 3503 diluta,
1516 3436 1586 3487 nec

388 3547 541 3633 argento
571 3544 718 3630 nitrim,
752 3563 821 3616 nec
850 3543 968 3634 baryo
998 3542 1140 3630 nitrico,
1174 3563 1244 3614 nec
1273 3543 1380 3615 acido
1410 3542 1587 3616 sulfurieo

390 3669 505 3742 diluto
524 3673 701 3741 mutetur.

497 3797 737 3870 Bismutbum
784 3796 1034 3869 subnitricum
1087 3796 1193 3868 acido
1241 3796 1417 3869 sulfurico
1470 3795 1587 3868 diluto

388 3923 538 4016 limpide
568 3925 749 4011 solvatur,
780 3923 971 3996 ammonia
1001 3923 1200 3996 abundans
1230 3923 1266 3995 io
1296 3923 1369 3995 hac
1399 3923 1587 3996 solutione

389 4051 638 4123 sedimentum
671 4051 799 4123 album
832 4050 975 4141 gignat,
1013 4050 1135 4143 liquor
1175 4051 1221 4123 ab
1259 4072 1304 4122 eo
1338 4051 1500 4123 filtratus
1539 4050 1589 4122 sit

389 4178 539 4250 decolor
559 4185 596 4250 et
616 4199 715 4270 aqua
733 4177 1039 4268 hydrosulturata
1059 4199 1106 4249 ne
1127 4178 1308 4250 turbetur.

499 4305 676 4377 Gramma
699 4304 923 4396 praeparati,
949 4325 1034 4374 cum
1063 4304 1168 4376 acido
1195 4305 1373 4377 sulfurico
1399 4304 1586 4396 usquead

390 4433 670 4506 extricationem
685 4452 869 4524 vaporum
885 4431 978 4504 acidi
994 4432 1160 4504 sulfurici
1176 4433 1406 4520 calefactum,
1416 4453 1587 4504 massam

389 4562 576 4654 praebeat,
603 4581 698 4652 quae
718 4560 756 4632 in
776 4565 962 4652 apparatu
981 4559 1134 4632 Marsbii
1156 4565 1298 4632 tentata
1317 4582 1365 4632 ne
1385 4559 1587 4651 vestigium

390 4689 531 4782 speculi
551 4688 710 4761 arsenici
731 4687 916 4760 exhibeat.
