3600 5534
701 551 917 622 -1q..

321 769 486 843 Miscella
515 773 589 842 stet
619 770 704 844 loco
724 769 856 861 Frigido
877 789 944 860 per
963 767 1092 859 viginti
1111 774 1272 861 quatuor
1291 770 1406 842 horas

209 897 362 989 saepius
389 895 582 988 agitando,
614 903 694 970 tum
726 897 809 971 cola
834 900 870 969 et
895 894 1068 988 exprime,
1100 896 1191 988 quin
1215 897 1407 971 residuum

209 1025 326 1098 eluas
357 1023 573 1098 Colaturam
591 1024 700 1097 filtra.

316 1152 456 1244 Liquor
475 1152 651 1226 obtentus
670 1152 719 1226 sit
736 1151 924 1245 limpidus,
937 1149 1073 1223 coloris
1095 1171 1238 1243 expers
1259 1150 1406 1243 saporis

208 1282 487 1374 adstringentis,
509 1281 714 1369 subdulcia
734 1279 934 1352 reaotionis
954 1277 1094 1367 acidae,
1114 1278 1243 1350 leviter
1257 1278 1406 1351 acidum

209 1409 390 1482 arcticum
417 1408 603 1496 redolens
633 1409 811 1502 ponderis
840 1406 1001 1500 specifici
1031 1406 1334 1479 1·044-1·046.
1363 1405 1406 1477 ln

207 1537 343 1610 balneo
364 1558 484 1629 aquae
508 1537 741 1624 fervefactus
761 1539 868 1629 parte
889 1533 1202 1628 quinquagesima
1226 1532 1312 1604 kalii
1331 1534 1405 1605 sul-

208 1664 313 1738 furici
339 1663 484 1752 addita,
515 1664 748 1756 coagulatur,
777 1662 1016 1754 refrigeratus
1049 1658 1151 1732 brevi
1176 1664 1342 1752 tempore
1367 1660 1406 1732 in

208 1793 392 1887 liquorem
412 1791 608 1885 limpidum
627 1791 779 1866 revertit
825 1847 833 1862 .

319 1919 413 1992 Cum
434 1919 569 2011 duplici
588 1920 778 1992 volumine
797 1919 949 2012 spiritus
971 1917 1043 1989 vini
1064 1916 1293 1987 concentrati
1312 1916 1403 1988 mix·

208 2050 269 2119 tus
302 2046 453 2119 nonnisi
492 2045 699 2138 opalescat‚
733 2067 779 2120 ne
814 2067 901 2120 vero
938 2044 1189 2117 sedimentum
1222 2042 1401 2135 deponat.

208 2171 318 2266 Aqua
336 2173 640 2264 hydrosuliirrata
658 2196 704 2247 ne
724 2178 897 2247 mutetur.

317 2301 536 2375 Continetin
552 2306 702 2376 centum
716 2300 885 2394 partibus
902 2302 1027 2391 partes
1044 2296 1185 2370 circiter
1200 2297 1223 2368 8
1240 2297 1406 2369 aluminii

208 2429 420 2502 subacetici.

461 2839 786 2948 lluminium
814 2838 1150 2947 sulfuricum.

316 3065 452 3139 Frusta
479 3063 705 3157 crystallina,
737 3063 832 3151 alba,
852 3064 890 3135 in
911 3085 1011 3156 aqua
1029 3063 1163 3154 frigida
1181 3063 1298 3150 facile,
1318 3063 1403 3134 saci-

205 3194 275 3268 lius
296 3194 333 3266 in
353 3193 496 3266 fervida
515 3191 698 3279 solubilia,
719 3191 758 3262 in
777 3190 911 3282 spiritu
929 3190 1005 3263 vini
1023 3212 1101 3263 non
1122 3191 1330 3264 solvuntur.

296 3321 458 3395 'Solutio
475 3341 630 3412 aquosa,
650 3317 849 3390 reaotionis
866 3317 1046 3406 aridulae,
1068 3324 1126 3390 est
1144 3317 1290 3410 saporis
1307 3317 1400 3388 acidi

206 3448 506 3540 constringentis;
529 3446 654 3519 addito
674 3444 771 3517 kalio
787 3445 1070 3536 hydrooxydato
1091 3445 1248 3518 efficitur
1265 3443 1405 3537 praeci-

206 3579 366 3670 pitatum
381 3576 520 3662 album,
537 3571 799 3665 gelatinosum,
816 3572 918 3665 quod
938 3572 1138 3645 excedente
1153 3571 1251 3643 kalio
1271 3570 1405 3660 hydro·

207 3703 369 3796 oxydato
389 3703 539 3796 limpide
556 3701 728 3788 solvitur;
751 3699 887 3773 solutio
903 3698 1007 3790 baryi
1023 3698 1141 3772 uitrici
1156 3698 1406 3771 sedimentum

207 3831 363 3924 praebet
382 3830 519 3918 album,
539 3829 578 3902 in
598 3827 713 3901 acidis
734 3826 943 3901 insolubile.

317 3955 428 4050 Aqua
461 3955 776 4048 hydrosulfurata,
808 3953 986 4034 solutioni
1019 3951 1196 4024 Aluminii
1239 3951 1402 4024 sulfurici

209 4085 382 4172 admixta,
396 4103 443 4155 ne
460 4083 645 4154 coloretur
663 4102 757 4154 neve
777 4082 956 4169 turbetur,
977 4080 1168 4152 ammonia
1187 4078 1404 4151 abundante

210 4213 348 4300 addita,
363 4209 651 4304 praecipitatum
669 4208 755 4281 inde
777 4214 901 4282 ortum
921 4209 968 4281 sit
989 4207 1121 4280 coloris
1143 4227 1245 4278 mere
1266 4205 1349 4276 albi.

319 4337 461 4412 Solutio
478 4357 625 4429 aquosa
640 4356 725 4408 cum
740 4336 925 4410 solutione
940 4335 1027 4408 kalii
1041 4333 1277 4424 ferricyanati
1296 4354 1402 4424 prae-

210 4467 401 4560 cipitatum
420 4462 634 4537 coeruleum
653 4484 700 4535 ne
721 4460 817 4551 edat,
834 4483 969 4556 neque,
991 4461 1182 4534 ammonia
1201 4459 1403 4532 excedente

211 4593 348 4678 addita,
376 4592 560 4684 liquorem
587 4590 783 4682 praebeat,
810 4589 872 4681 qui
901 4612 925 4661 a
945 4589 1154 4662 sedimento
1175 4587 1262 4659 inde
1293 4589 1403 4658 enato

212 4719 407 4792 filtratione
428 4722 636 4810 separatus
657 4717 847 4789 ammonio
868 4717 1052 4791 sulfurato
1071 4717 1249 4789 turbetur.

1188 4851 1224 4906 ρ*
