3600 5534
772 475 1070 593 knu-

352 742 544 827 cnanhae
584 742 761 855 opiatus.
806 738 1002 824 Decooto
1041 735 1272 822 Zittmanni
1315 735 1460 820 locum
1504 736 1545 819 in

353 903 501 990 codice
526 902 708 1017 amplius
739 899 974 987 concedere
1003 930 1089 985 non
1112 908 1379 1008 convenerat,
1414 927 1547 1012 quum

354 1067 571 1153 sacculum
617 1063 722 1149 illud
762 1065 948 1162 linteum,
1005 1061 1123 1177 quod
1162 1071 1326 1176 praeter
1370 1061 1456 1146 alia
1509 1071 1550 1147 et

356 1229 630 1316 Cinnabarim
652 1229 857 1314 factitiam
880 1234 1008 1341 atque
1027 1223 1357 1340 Hydrargyrum
1380 1224 1549 1312 chlora-

354 1404 456 1480 tum.
488 1393 605 1478 mite
645 1389 834 1498 includit,
891 1391 1011 1476 omni
1055 1389 1277 1475 chemicae
1333 1387 1548 1475 doctrinae

354 1568 563 1673 repugnat
586 1564 627 1642 et
650 1555 774 1670 plane
813 1552 971 1638 nullius
1006 1551 1179 1638 effectus
1202 1551 1481 1666 therapeutici
1504 1579 1550 1637 se

356 1718 571 1836 praebeat,
613 1717 728 1804 aliud
766 1746 869 1803 vero
905 1716 1130 1802 discrimen
1171 1716 1279 1801 inter
1309 1716 1550 1802 Decootum

355 1885 586 1970 Zittmanni
609 1895 650 1969 et
667 1883 908 1969 Decootum
930 1879 1234 1994 Sarsaparillae
1264 1882 1552 1995 compositum

356 2079 442 2136 non
465 2054 640 2134 constet.
1226 2012 1229 2017 .

466 2215 607 2325 Aegre
632 2224 673 2296 et
694 2211 864 2297 nonnisi
903 2238 1004 2296 usus
1043 2211 1266 2295 inveterati
1303 2219 1395 2296 tum
1416 2207 1554 2295 medi-

358 2405 506 2464 corum
535 2375 776 2491 aliquorum
818 2404 948 2490 quum
986 2373 1123 2490 plebis
1163 2375 1302 2487 gratia
1340 2372 1555 2489 quaedam

357 2550 608 2657 praeparata
629 2539 692 2625 sio
715 2537 826 2624 diota
845 2538 999 2625 Caleni
1023 2547 1065 2623 et
1084 2537 1295 2652 imprimis
1314 2536 1554 2650 Collyrium

360 2703 625 2818 adstringens
648 2703 824 2812 luteum,
848 2731 897 2787 oo
897 2701 969 2815 jus
986 2701 1112 2817 plane
1130 2701 1417 2788 irrationalem
1434 2729 1556 2787 com-

361 2868 620 2955 binationem
645 2867 953 2953 distinctissimi
983 2865 1305 2980 ophthalmiatri
1327 2863 1557 2951 abhorrent

360 3034 467 3119 etin
488 3061 650 3117 novum
673 3029 866 3116 codicem
890 3029 1132 3144 pertrahere
1155 3032 1387 3116 necessitas
1411 3029 1554 3116 suasit

360 3197 420 3285 Ut
441 3205 630 3283 attamen
669 3195 826 3280 damna
850 3223 903 3280 ex
935 3197 1079 3309 inepta
1101 3193 1387 3310 applicatione
1428 3191 1556 3304 hujus

470 3427 556 3482 Nota.
574 3425 727 3479 'linctnrao
749 3423 884 3479 methodo
905 3441 988 3493 supra
1009 3423 1134 3478 indicata
1155 3428 1185 3476 ct
1206 3426 1314 3477 ratione
1340 3424 1382 3476 1:
1403 3424 1438 3476 10
1456 3421 1558 3476 effecta

361 3533 436 3581 sunt:
459 3527 594 3580 'linctnra
613 3526 740 3594 Aooniti,
755 3523 945 3579 Belladouuae
967 3522 1067 3591 folior,
1093 3522 1300 3590 Cantharidum,
1324 3521 1456 3588 Colchici,
1479 3521 1558 3589 Digi-

360 3627 435 3695 talis,
449 3626 669 3694 lpeeaouauhae‚
683 3626 827 3695 Lobeliae,
838 3624 980 3694 Strychni,
994 3623 1059 3691 Opii
1071 3624 1162 3692 simpl.
1177 3627 1206 3677 ct
1219 3627 1341 3677 crocata.
1391 3655 1396 3664 ·

471 3727 604 3781 Methodo
637 3727 837 3794 percolationis
869 3730 1000 3792 parantur
1030 3723 1177 3777 Extracta:
1209 3721 1336 3790 Aconiti,
1368 3720 1558 3775 Belladonnae

361 3826 500 3893 foliorum,
534 3827 648 3896 Calami,
681 3826 839 3896 Columbae,
873 3825 1014 3879 Cannabis
1046 3824 1167 3890 Indicae,
1206 3820 1431 3891 Colooynthidis,
1469 3821 1558 3889 Conii,

362 3928 506 3996 Cuhehae‚
519 3927 615 3980 Filicis
625 3929 715 3992 maris,
726 3926 906 3996 Hyoscyami,
918 3923 1041 3992 Granati,
1054 3923 1165 3991 Scillae,
1175 3922 1283 3978 Secalis
1294 3924 1411 3989 commi,
1422 3920 1558 3991 Stryohni.

362 4027 495 4082 Extraota
505 4030 545 4082 sic
557 4027 632 4081 dicta
642 4025 729 4082 fluida
737 4032 814 4081 sunt:
826 4025 989 4080 Extractum
1000 4022 1180 4092 Hydrastidis
1191 4021 1373 4092 Gauadcnsia
1384 4017 1559 4091 Queoraono,

362 4128 481 4182 Rhamni
493 4127 643 4182 Purshiani,

472 4226 572 4292 Quoad
586 4228 818 4295 compositionem
842 4223 974 4278 differunt
990 4228 1158 4292 praeparata
1169 4222 1414 4287 Pharmsoopoeae
1427 4219 1560 4275 editionis

362 4333 498 4398 septimae
521 4327 680 4394 sequentia:
701 4323 823 4379 Acetum
846 4322 958 4388 Scillae,
981 4324 1170 4377 Electuarium
1194 4324 1344 4388 lenitivum,
1368 4321 1557 4388 Emplastrum

363 4430 551 4495 adhaesimm,
575 4424 780 4492 Cantharidum,
804 4423 951 4493 Comesse,
975 4423 1158 4493 Hydrargyri‚
1181 4423 1336 4476 Decootum
1359 4419 1560 4488 Sarsaparillae

249 4597 253 4609 Ι
363 4531 556 4597 compositum,
571 4528 634 4581 loco
648 4527 775 4580 Decooto
789 4525 950 4592 Zittmanni3
975 4523 1100 4593 Syrnpus
1114 4525 1190 4578 Ferri
1207 4521 1311 4594 jodati,
1334 4521 1460 4592 Syrupus
1473 4521 1562 4589 Papa-

363 4629 438 4684 veris
464 4627 624 4698 (Diacodii),
652 4627 786 4680 Tinctura
810 4623 887 4695 Jodi‚
921 4624 1067 4679 'hochisoi
1100 4622 1311 4692 lpecacuanhae
1342 4627 1371 4675 et
1405 4620 1561 4686 Santonini,

364 4729 540 4798 Unguentum
554 4727 735 4797 Hydrargyn'.
