3600 5534
697 556 942 628 -151-

222 771 416 863 liquescat.
450 772 544 845 Cum
576 772 761 846 solutione
794 773 904 846 natrii
929 772 1203 865 hyrdooxydati
1237 773 1422 865 nigrescit,

224 899 453 971 ammoniam
473 919 572 987 vero,
592 901 652 971 vel
671 900 858 973 solutione
879 899 1068 987 calefacta,
1090 920 1136 971 ne
1158 899 1316 972 exhalet.

331 1044 441 1136 Aqua
460 1044 649 1118 destillata
667 1067 752 1118 cum
771 1046 925 1138 pulvere
946 1049 1198 1136 conquassata
1227 1045 1319 1117 nihil
1339 1044 1421 1135 ejus

225 1172 357 1260 solvat,
369 1172 455 1243 hinc
467 1171 587 1265 liquor
596 1172 769 1261 {istratus
781 1194 881 1265 aqua
894 1172 1199 1264 hydr-osulfurata
1213 1172 1350 1259 addila,
1366 1171 1423 1243 vel

225 1306 312 1389 post
330 1300 477 1391 longius
497 1299 678 1393 temporis
699 1298 938 1372 intervallum
958 1299 1062 1389 nigro
1079 1298 1201 1370 colore
1221 1319 1268 1371 ne
1284 1299 1422 1371 inficia-

224 1430 294 1517 tur,
306 1430 343 1498 et
355 1426 394 1498 in
410 1427 544 1499 balneo
560 1447 686 1519 *aquae
702 1426 749 1497 acl
765 1426 905 1499 siccum
921 1430 1144 1517 evaporatus
1159 1425 1352 1497 residuum
1364 1425 1424 1522 vix

224 1553 419 1645 relinquat.

336 1700 510 1771 Servetur
530 1720 619 1771 vase
640 1698 713 1771 luci
732 1698 925 1791 impervia

285 2172 958 2306 Hydrarwrum
986 2168 1382 2301 jodocum

655 2348 991 2481 flavum.

515 2613 872 2713 Protojoduretum
895 2612 1144 2715 lrydrargyri.

227 2841 325 2933 Rpe:
339 2837 560 2942 llydnt'gyrl
615 2849 817 2937 qrarnmala
837 2841 978 2913 sedecim
1380 2846 1427 2917 16

337 2982 422 3061 lolli
476 2994 680 3083 yrarvrrnata
698 2986 808 3059 decern
1379 2990 1427 3062 10

230 3131 267 3202 in
281 3132 504 3205 mortarium
519 3134 679 3207 vitreum
697 3132 870 3204 immissa
890 3138 927 3203 et
947 3132 1080 3225 spiritu
1099 3132 1174 3203 vini
1190 3140 1430 3207 concontrato

234 3258 450 3331 humectata
488 3264 577 3348 tere,
621 3260 741 3331 donec
779 3253 920 3349 globuli
958 3259 1132 3333 metallici
1171 3260 1430 3353 dispamerint,

233 3406 369 3458 curans
379 3387 662 3459 utmassainter
672 3386 932 3459 triturationen
944 3392 1097 3459 maneat
1107 3388 1431 3477 humida,‹lerrnrnr

233 3513 361 3605 spiritu
381 3513 456 3586 vini
476 3515 563 3588 lava
582 3515 676 3587 etin
695 3514 778 3586 loco
798 3516 978 3586 umbroso
1000 3515 1110 3586 sicca.

341 3658 396 3731 Sit
418 3660 540 3752 pulvis
569 3682 588 3731 e
616 3660 812 3732 virescenti
840 3661 972 3747 tluvuS,
1001 3658 1039 3731 in
1070 3680 1169 3750 aqua
1200 3658 1433 3752 perpaullnm

235 3786 416 3873 solubilis,
438 3787 476 3858 in
502 3787 633 3879 spiritu
657 3786 732 3858 vini
753 3792 789 3860 et
814 3786 964 3858 aethere
984 3785 1203 3873 insolubilis,
1224 3786 1308 3876 igne
1329 3807 1432 3877 pror-

238 3934 302 3985 sus
324 3913 459 4001 avolat,
479 3913 573 3986 lucis
592 3913 696 3985 aditu
715 3912 1014 4004 decomponitur.

344 4058 439 4132 Cum
455 4060 565 4172 acido
586 4058 761 4131 sulfurico
778 4063 815 4130 et
833 4079 1024 4148 mangano
1039 4058 1321 4151 hyperoxydato
1338 4059 1433 4129 cale-

237 4184 358 4258 factus
378 4207 539 4279 vapores
558 4186 743 4258 violaceos
764 4185 907 4257 emittit.

345 4330 439 4402 Cum
468 4330 599 4422 spiritu
619 4334 819 4422 quassatus
848 4329 971 4420 liquor
990 4328 1209 4414 obtineatur,
1238 4330 1300 4421 qui
1321 4329 1434 4400 liltra·

239 4462 299 4529 tus
319 4479 419 4549 aqua
438 4457 744 4548 hydrosullurata
762 4455 823 4527 vix
843 4456 1022 4529 turbetur.

348 4601 523 4675 Servetur
543 4622 631 4672 vase
651 4600 725 4673 luci
744 4600 936 4693 impervio.
