3600 5534
696 565 912 636 ,71-

203 783 382 858 haerente
401 782 600 870 instructis,
620 782 659 855 in
678 783 794 856 latere
815 780 997 854 exteriore
1021 779 1148 867 fuscis
1173 777 1327 872 asperis,
1357 799 1403 849 ex

207 912 310 984 omni
335 916 442 1004 parte
470 909 636 1002 vestigiis
656 909 845 982 lichenum
866 907 1089 996 carentibus
1124 906 1279 998 singulis
1313 903 1402 976 vali·

206 1038 372 1114 dioribus
413 1037 720 1132 depressionibus
758 1035 1082 1125 subconchoideis‚
1138 1055 1205 1127 per
1252 1032 1403 1108 extolia-

206 1167 349 1241 lionem
369 1165 515 1240 suberis
534 1164 636 1238 ortis,

318 1293 471 1388 Saporis
492 1297 551 1367 est
570 1297 697 1366 cortex
717 1291 994 1385 adstringentis
1014 1290 1221 1365 subamari.

320 1419 535 1493 Ectroctum.

529 1723 724 1833 cortex
750 1723 1090 1861 tlucbraobo.

320 1929 594 2026 Aspndosperma
647 1927 845 2020 Quebraclro
890 1929 1257 2017 Schlechtendal,
1296 1927 1408 2000 arbor

211 2061 388 2152 frequens
408 2059 447 2131 in
466 2056 667 2152 provinciis
688 2057 981 2132 occidentalibus
999 2057 1239 2148 Argentinae.
1269 2055 1406 2152 Apocp-

211 2211 345 2260 nareae.

324 2315 459 2388 Cortex
482 2314 604 2388 trunci
638 2314 800 2387 siccatus
834 2312 872 2385 in
905 2314 1036 2387 frustis
1065 2313 1227 2405 magnis,
1259 2309 1308 2385 ad
1335 2311 1409 2384 tria

214 2443 431 2517 centimetra
449 2442 601 2533 crassis
623 2441 829 2534 subplanis
850 2441 967 2531 duris,
987 2441 1219 2534 ponderosis
1248 2439 1407 2513 obtectis

213 2571 452 2644 rhilidomate
473 2568 714 2658 validissima,
738 2569 843 2642 rimis
864 2567 1056 2642 hiantibus
1075 2567 1272 2662 profundis
1291 2588 1407 2660 saepe

214 2697 430 2772 tessellatim
469 2698 643 2786 laceram,
683 2696 819 2770 coloris
864 2696 1087 2784 ssavo-fusci,
1127 2700 1234 2769 extus
1266 2693 1409 2789 passim

216 2824 423 2913 albicantis,
433 2823 472 2896 in
485 2823 600 2896 latere
615 2824 761 2896 interna
774 2823 1090 2916 longitudinaliter
1104 2823 1235 2896 striato
1250 2823 1409 2915 plerum-

217 2974 288 3046 que
316 2953 414 3025 clare
434 2973 454 3024 e
473 2951 763 3024 rubicundo-aut
787 2949 1049 3038 [larido-fusci,
1074 2951 1238 3024 fractura
1264 2972 1407 3043 grosse·

217 3079 423 3172 granulata,
445 3079 589 3172 saporis
609 3078 737 3151 amari.

323 3206 366 3280 ln
394 3206 558 3280 sectione
586 3211 802 3278 transversa
831 3209 1014 3298 apparent
1041 3204 1116 3279 duo
1144 3210 1271 3294 strata,
1305 3207 1408 3280 rhiti·

216 3334 376 3408 domatis
406 3340 442 3407 et
468 3333 704 3426 eudophloei,
732 3333 824 3406 illud
849 3333 984 3406 coloris
1004 3333 1171 3405 clarioris
1191 3333 1410 3424 ssavo-fusci,

216 3463 287 3535 hoc
321 3459 550 3534 obscurioris
588 3460 822 3548 rubro-fusci,
859 3465 1019 3552 utraque
1053 3459 1302 3534 crassitudine
1334 3462 1411 3535 fere

217 3589 376 3683 aequali,
423 3587 582 3661 maculis
621 3588 753 3661 albidis
793 3571 967 3662 confertis
1013 3588 1150 3681 partim
1197 3592 1411 3662 transverse

218 3719 256 3791 in
271 3717 441 3789 ordinem
456 3715 647 3809 dispositis
663 3716 852 3789 instructa.
870 3714 991 3788 Sectio
1007 3715 1285 3807 longitudinalis
1303 3716 1411 3789 lineis

217 3844 359 3937 grossis
377 3843 449 3916 illis
470 3844 629 3917 maculis
650 3843 1030 3936 correspondentibus
1056 3864 1123 3936 per
1144 3843 1413 3935 longitudinem

218 3971 350 4045 striata
369 3975 437 4044 est.

327 4097 404 4170 Sub
431 4097 678 4192 microscopio
703 4098 874 4192 inprimis
901 4098 1047 4172 excellit
1066 4103 1191 4172 cortex
1210 4099 1352 4190 grumis
1377 4105 1414 4172 et

218 4225 378 4298 restibus
425 4225 745 4298 numerosissimis
797 4247 816 4298 e
861 4225 1003 4299 cellulis
1047 4225 1412 4317 sclerenchymalicis

219 4350 477 4444 polymorphis
506 4357 543 4424 et
566 4351 669 4425 fibris
693 4352 962 4442 bisilormibus,
990 4352 1210 4445 plerumque
1236 4354 1413 4428 solitariis

220 4479 378 4572 perfecte
398 4477 632 4570 incrassatis,
667 4481 825 4573 siugulis
861 4480 1071 4554 arctissime
1106 4479 1236 4552 cinctis
1271 4482 1413 4555 cellulis

221 4606 376 4680 minutis
397 4609 591 4697 crystallos
613 4609 718 4681 calcii
739 4607 872 4681 oxalici
893 4607 1118 4700 gerentibus

331 4734 535 4807 Enicaclum
544 4734 715 4832 fluidum.
