3600 5534
736 544 979 619 -165-

539 762 1164 874 haererem-tum.

362 1034 519 1109 Ledaea
554 1036 676 1109 virosa
712 1038 850 1127 Linn,
888 1038 1018 1131 planta
1053 1039 1229 1131 perennis
1266 1038 1453 1132 indigena,

254 1164 401 1255 passim
421 1166 532 1237 culta.
557 1161 784 1259 compositae.

365 1292 506 1365 Succus
520 1292 662 1366 lacteus
678 1292 851 1383 siccatus,
861 1292 1010 1389 prostat
1018 1293 1057 1365 in
1066 1293 1194 1367 frustis
1212 1292 1452 1385 deformibus

255 1440 447 1492 summum
466 1420 572 1493 nucis
579 1419 771 1513 juglandis
790 1420 1057 1513 magnitudine,
1076 1420 1272 1514 superficie
1288 1422 1453 1513 gibbosis

193 1597 195 1600 -
256 1550 293 1617 et
311 1546 465 1639 asperis,
495 1546 625 1620 autin
654 1548 859 1638 segmentis
888 1546 1096 1637 majoribus
1126 1548 1332 1641 sphaericis
1353 1569 1453 1622 com·

255 1674 387 1765 pactis
409 1673 607 1765 superficie
619 1674 872 1763 laeviusculiS,
894 1680 1003 1747 extus
1025 1676 1164 1769 opacis
1177 1676 1314 1749 coloris
1327 1677 1452 1750 fusco·

257 1800 343 1873 flavi
363 1805 430 1872 aut
448 1800 556 1889 susci,
577 1801 696 1873 cultro
716 1822 823 1874 cerae
843 1803 964 1875 instar
984 1803 1212 1893 scindendiS,
1232 1802 1271 1875 in
1291 1804 1455 1877 sectione

259 1928 391 2001 albidis
400 1934 466 2002 aut
475 1928 642 2018 cinereis,
654 1950 760 2001 cerae
771 1932 890 2003 instar
899 1930 1115 2019 nitentibus,
1126 1930 1318 2023 pulverem
1330 1934 1453 2005 [usco-

256 2055 397 2128 ssavum
417 2056 695 2147 praebentibus,
715 2057 843 2130 odoris
871 2056 1070 2149 peculiaris
1090 2057 1279 2147 narcotici,
1306 2060 1454 2151 saporis

254 2183 451 2275 peramari,
482 2183 554 2256 sub
579 2184 839 2259 masticatione
868 2184 1043 2257 dentibus
1079 2184 1356 2276 aliquantulum
1384 2186 1449 2258 ad·

256 2310 512 2385 haerentibus.

365 2438 604 2511 Lactuarium
623 2439 757 2512 dificile
777 2440 919 2512 conteri
941 2443 1075 2532 potest,
1100 2460 1223 2532 neque
1252 2461 1361 2533 aqua,
1386 2440 1457 2512 nisi

259 2564 387 2638 addito
425 2565 575 2639 Gummi
613 2566 782 2656 Acaciae,
821 2567 1070 2641 emulsionem
1106 2567 1254 2640 fuscam
1290 2569 1455 2660 praebet.

257 2691 369 2785 Aqua
392 2698 539 2766 coctum
558 2689 741 2767 rnollescit
766 2695 806 2767 in
834 2716 1004 2769 massam
1031 2700 1223 2782 tenacem3
1252 2695 1375 2787 liquor
1401 2696 1455 2768 fil-

259 2820 420 2893 tratione
448 2821 636 2910 obtentus
665 2821 855 2915 limpiduS,
884 2823 1114 2913 fuscescens,
1145 2820 1273 2895 addito
1290 2821 1380 2913 jodo
1409 2845 1457 2898 ne

263 2947 458 3019 coloretur.
492 2946 536 3019 In
555 2950 690 3041 spiritu
708 2949 784 3021 vini
804 2956 840 3022 et
855 2950 1006 3024 aethere
1027 2950 1266 3024 solummodo
1287 2955 1457 3041 exparte

259 3074 428 3163 solvitur3
441 3076 579 3148 solutio
591 3076 899 3169 spirituusaferro
913 3078 1213 3169 sesquicblorato
1225 3097 1272 3148 ne
1284 3082 1456 3150 mutetur.

259 3201 300 3273 In
319 3201 482 3275 cinerem
510 3202 705 3275 redactum
733 3203 874 3276 residui
901 3226 950 3278 ne
977 3205 1064 3298 plus
1094 3227 1210 3299 quarn
1240 3210 1458 3276 excentum

259 3329 430 3420 partibus
450 3329 580 3401 decem
598 3330 797 3423 relinquat.

696 3816 1036 3924 Lanolinum.

371 4075 499 4148 Massa
526 4077 761 4168 anguineae,
789 4078 883 4165 alba,
914 4076 1041 4150 odoris
1071 4078 1148 4149 fere
1178 4098 1328 4169 erpere,
1354 4098 1457 4149 reac-

261 4201 374 4274 tionis
393 4202 573 4292 neutrius
593 4204 729 4276 balneo
749 4225 872 4298 aquae
892 4204 1064 4297 exposita
1077 4204 1252 4297 liquescit
1271 4209 1308 4276 et
1327 4204 1365 4276 in
1385 4203 1459 4275 duo

124 4346 130 4353 ·
261 4333 380 4402 strata
400 4350 588 4421 aquosum
609 4351 738 4421 unum,
759 4330 958 4423 adiposum
979 4332 1137 4404 alterum
1157 4330 1377 4423 sejungitur.

369 4454 595 4529 Lanolinum
611 4479 710 4550 aqua
727 4458 876 4551 privum
889 4458 928 4530 in
949 4460 1112 4548 aethere,
1129 4459 1288 4532 benzolu
1303 4463 1340 4531 et
1356 4459 1457 4531 chlo-

261 4582 439 4656 roformio
457 4584 630 4675 perfecte,
660 4585 698 4657 in
727 4584 859 4678 spiritu
878 4585 954 4657 vini
974 4590 1214 4660 concentrato
1235 4586 1405 4658 dificilius
1426 4590 1461 4658 et

261 4711 413 4783 nonnisi
432 4731 478 4784 ex
497 4716 604 4804 parte
625 4711 793 4803 solvitur,
813 4712 852 4784 in
871 4734 972 4806 aqua
991 4714 1190 4786 insolubile
1210 4718 1279 4787 est.
