<?xml version="1.0" encoding="UTF-8"?>
<!DOCTYPE html PUBLIC "-//W3C//DTD XHTML 1.0 Transitional//EN"
    "http://www.w3.org/TR/xhtml1/DTD/xhtml1-transitional.dtd">
<html xmlns="http://www.w3.org/1999/xhtml" xml:lang="en" lang="en">
 <head>
  <title>
</title>
<meta http-equiv="Content-Type" content="text/html;charset=utf-8" />
  <meta name='ocr-system' content='tesseract 3.04.00' />
  <meta name='ocr-capabilities' content='ocr_page ocr_carea ocr_par ocr_line ocrx_word'/>
</head>
<body>
  <div class='ocr_page' id='page_1' title='image "./pharmacopoeaaus01unkngoog_0263.png"; bbox 0 0 3600 5534; ppageno 0'>
   <div class='ocr_carea' id='block_1_1' title="bbox 641 550 994 874">
    <p class='ocr_par' dir='ltr' id='par_1_1' title="bbox 641 550 994 874">
     <span class='ocr_line' id='line_1_1' title="bbox 701 550 939 625; baseline 0.013 -3"><span class='ocrx_word' id='word_1_1' title='bbox 701 595 747 605; x_wconf 82' lang='lat'><em>-</em></span> <span class='ocrx_word' id='word_1_2' title='bbox 782 550 860 625; x_wconf 81' lang='lat' dir='ltr'>mo</span> <span class='ocrx_word' id='word_1_3' title='bbox 893 594 939 604; x_wconf 89' lang='lat'><em>-</em></span> 
     </span>
     <span class='ocr_line' id='line_1_2' title="bbox 641 762 994 874; baseline 0 0"><span class='ocrx_word' id='word_1_4' title='bbox 641 762 818 874; x_wconf 80' lang='lat' dir='ltr'>Radix</span> <span class='ocrx_word' id='word_1_5' title='bbox 843 763 994 874; x_wconf 84' lang='lat' dir='ltr'>Rhci.</span> 
     </span>
    </p>
   </div>
   <div class='ocr_carea' id='block_1_2' title="bbox 215 1023 1418 1503">
    <p class='ocr_par' dir='ltr' id='par_1_2' title="bbox 215 1023 1418 1503">
     <span class='ocr_line' id='line_1_3' title="bbox 325 1023 1418 1120; baseline 0.002 -24"><span class='ocrx_word' id='word_1_6' title='bbox 325 1024 460 1097; x_wconf 78' lang='lat' dir='ltr'>Bleum</span> <span class='ocrx_word' id='word_1_7' title='bbox 478 1026 677 1119; x_wconf 81' lang='lat' dir='ltr'>palmatum</span> <span class='ocrx_word' id='word_1_8' title='bbox 694 1025 827 1116; x_wconf 84' lang='lat' dir='ltr'>Linn,</span> <span class='ocrx_word' id='word_1_9' title='bbox 847 1024 983 1097; x_wconf 81' lang='lat' dir='ltr'>Rheum</span> <span class='ocrx_word' id='word_1_10' title='bbox 1002 1023 1176 1120; x_wconf 67' lang='lat' dir='ltr'>officiante</span> <span class='ocrx_word' id='word_1_11' title='bbox 1189 1023 1361 1098; x_wconf 88' lang='lat' dir='ltr'>Baillon</span> <span class='ocrx_word' id='word_1_12' title='bbox 1381 1030 1418 1098; x_wconf 90' lang='lat' dir='ltr'>et</span> 
     </span>
     <span class='ocr_line' id='line_1_4' title="bbox 217 1152 1416 1245; baseline -0.002 -20"><span class='ocrx_word' id='word_1_13' title='bbox 217 1153 475 1225; x_wconf 80' lang='lat' dir='ltr'>verosimiliter</span> <span class='ocrx_word' id='word_1_14' title='bbox 490 1154 583 1225; x_wconf 89' lang='lat' dir='ltr'>aliae</span> <span class='ocrx_word' id='word_1_15' title='bbox 604 1152 692 1225; x_wconf 70' lang='lat' dir='ltr'>ittet</span> <span class='ocrx_word' id='word_1_16' title='bbox 707 1153 864 1245; x_wconf 83' lang='lat' dir='ltr'>specieS,</span> <span class='ocrx_word' id='word_1_17' title='bbox 885 1153 1010 1225; x_wconf 92' lang='lat' dir='ltr'>adhuc</span> <span class='ocrx_word' id='word_1_18' title='bbox 1024 1174 1101 1226; x_wconf 92' lang='lat' dir='ltr'>non</span> <span class='ocrx_word' id='word_1_19' title='bbox 1122 1152 1213 1225; x_wconf 89' lang='lat' dir='ltr'>satis</span> <span class='ocrx_word' id='word_1_20' title='bbox 1235 1152 1416 1243; x_wconf 77' lang='lat' dir='ltr'>cognitae,</span> 
     </span>
     <span class='ocr_line' id='line_1_5' title="bbox 218 1277 1415 1374; baseline -0.002 -23"><span class='ocrx_word' id='word_1_21' title='bbox 218 1286 447 1373; x_wconf 75' lang='lat' dir='ltr'>spontaneae</span> <span class='ocrx_word' id='word_1_22' title='bbox 466 1281 504 1351; x_wconf 89' lang='lat' dir='ltr'>in</span> <span class='ocrx_word' id='word_1_23' title='bbox 524 1280 671 1371; x_wconf 88' lang='lat' dir='ltr'>alpibus</span> <span class='ocrx_word' id='word_1_24' title='bbox 690 1280 832 1354; x_wconf 85' lang='lat' dir='ltr'>Cinnae</span> <span class='ocrx_word' id='word_1_25' title='bbox 859 1278 1269 1354; x_wconf 88' lang='lat' dir='ltr'>boreali-occidentalis.</span> <span class='ocrx_word' id='word_1_26' title='bbox 1315 1277 1415 1374; x_wconf 77' lang='lat' dir='ltr'>Poly-</span> 
     </span>
     <span class='ocr_line' id='line_1_6' title="bbox 215 1430 394 1503; baseline 0.017 -26"><span class='ocrx_word' id='word_1_27' title='bbox 215 1430 394 1503; x_wconf 75' lang='lat' dir='ltr'>panacem.</span> 
     </span>
    </p>
   </div>
   <div class='ocr_carea' id='block_1_3' title="bbox 217 1571 1420 2425">
    <p class='ocr_par' dir='ltr' id='par_1_3' title="bbox 217 1571 1420 2425">
     <span class='ocr_line' id='line_1_7' title="bbox 324 1571 1416 1662; baseline 0.002 -19"><span class='ocrx_word' id='word_1_28' title='bbox 324 1571 448 1644; x_wconf 82' lang='lat' dir='ltr'>Radix</span> <span class='ocrx_word' id='word_1_29' title='bbox 474 1572 597 1644; x_wconf 89' lang='lat' dir='ltr'>valida</span> <span class='ocrx_word' id='word_1_30' title='bbox 625 1571 787 1662; x_wconf 86' lang='lat' dir='ltr'>concisa,</span> <span class='ocrx_word' id='word_1_31' title='bbox 816 1572 955 1644; x_wconf 89' lang='lat' dir='ltr'>siccata</span> <span class='ocrx_word' id='word_1_32' title='bbox 980 1577 1017 1643; x_wconf 90' lang='lat' dir='ltr'>et</span> <span class='ocrx_word' id='word_1_33' title='bbox 1042 1572 1277 1645; x_wconf 82' lang='lat' dir='ltr'>decorticata.</span> <span class='ocrx_word' id='word_1_34' title='bbox 1303 1572 1416 1662; x_wconf 79' lang='lat' dir='ltr'>Mem,</span> 
     </span>
     <span class='ocr_line' id='line_1_8' title="bbox 217 1698 1415 1790; baseline 0.002 -21"><span class='ocrx_word' id='word_1_35' title='bbox 217 1699 325 1770; x_wconf 89' lang='lat' dir='ltr'>nobis</span> <span class='ocrx_word' id='word_1_36' title='bbox 350 1700 508 1771; x_wconf 88' lang='lat' dir='ltr'>advecta</span> <span class='ocrx_word' id='word_1_37' title='bbox 527 1722 547 1772; x_wconf 93' lang='lat' dir='ltr'>e</span> <span class='ocrx_word' id='word_1_38' title='bbox 568 1699 697 1789; x_wconf 89' lang='lat' dir='ltr'>China,</span> <span class='ocrx_word' id='word_1_39' title='bbox 723 1699 823 1771; x_wconf 86' lang='lat' dir='ltr'>sistit</span> <span class='ocrx_word' id='word_1_40' title='bbox 842 1704 1038 1790; x_wconf 90' lang='lat' dir='ltr'>segmenta</span> <span class='ocrx_word' id='word_1_41' title='bbox 1067 1698 1321 1773; x_wconf 80' lang='lat' dir='ltr'>multiformia:</span> <span class='ocrx_word' id='word_1_42' title='bbox 1356 1721 1415 1789; x_wconf 89' lang='lat' dir='ltr'>cy-</span> 
     </span>
     <span class='ocr_line' id='line_1_9' title="bbox 217 1825 1417 1919; baseline 0.003 -23"><span class='ocrx_word' id='word_1_43' title='bbox 217 1825 382 1912; x_wconf 86' lang='lat' dir='ltr'>lindrica,</span> <span class='ocrx_word' id='word_1_44' title='bbox 417 1826 702 1916; x_wconf 89' lang='lat' dir='ltr'>subcylindrica,</span> <span class='ocrx_word' id='word_1_45' title='bbox 737 1826 884 1916; x_wconf 89' lang='lat' dir='ltr'>conica,</span> <span class='ocrx_word' id='word_1_46' title='bbox 919 1826 1151 1915; x_wconf 87' lang='lat' dir='ltr'>subglobosa</span> <span class='ocrx_word' id='word_1_47' title='bbox 1188 1831 1252 1899; x_wconf 91' lang='lat' dir='ltr'>aut</span> <span class='ocrx_word' id='word_1_48' title='bbox 1289 1826 1417 1919; x_wconf 92' lang='lat' dir='ltr'>plano·</span> 
     </span>
     <span class='ocr_line' id='line_1_10' title="bbox 218 1952 1418 2046; baseline 0.003 -23"><span class='ocrx_word' id='word_1_49' title='bbox 218 1974 391 2043; x_wconf 86' lang='lat' dir='ltr'>convexa,</span> <span class='ocrx_word' id='word_1_50' title='bbox 420 1974 498 2025; x_wconf 92' lang='lat' dir='ltr'>non</span> <span class='ocrx_word' id='word_1_51' title='bbox 517 1974 602 2025; x_wconf 90' lang='lat' dir='ltr'>raro</span> <span class='ocrx_word' id='word_1_52' title='bbox 622 1952 752 2040; x_wconf 87' lang='lat' dir='ltr'>forata,</span> <span class='ocrx_word' id='word_1_53' title='bbox 772 1953 1006 2026; x_wconf 82' lang='lat' dir='ltr'>extrinsecus</span> <span class='ocrx_word' id='word_1_54' title='bbox 1034 1953 1187 2046; x_wconf 88' lang='lat' dir='ltr'>pulvere</span> <span class='ocrx_word' id='word_1_55' title='bbox 1207 1954 1302 2027; x_wconf 90' lang='lat' dir='ltr'>laete</span> <span class='ocrx_word' id='word_1_56' title='bbox 1322 1956 1418 2027; x_wconf 87' lang='lat' dir='ltr'>llavo</span> 
     </span>
     <span class='ocr_line' id='line_1_11' title="bbox 218 2080 1420 2172; baseline 0.003 -22"><span class='ocrx_word' id='word_1_57' title='bbox 218 2100 436 2170; x_wconf 89' lang='lat' dir='ltr'>conspersa,</span> <span class='ocrx_word' id='word_1_58' title='bbox 474 2080 695 2172; x_wconf 88' lang='lat' dir='ltr'>plerumque</span> <span class='ocrx_word' id='word_1_59' title='bbox 734 2080 827 2151; x_wconf 88' lang='lat' dir='ltr'>dura</span> <span class='ocrx_word' id='word_1_60' title='bbox 860 2084 896 2151; x_wconf 91' lang='lat' dir='ltr'>et</span> <span class='ocrx_word' id='word_1_61' title='bbox 923 2080 1146 2172; x_wconf 88' lang='lat' dir='ltr'>ponderosa,</span> <span class='ocrx_word' id='word_1_62' title='bbox 1185 2081 1224 2152; x_wconf 93' lang='lat' dir='ltr'>in</span> <span class='ocrx_word' id='word_1_63' title='bbox 1257 2083 1420 2154; x_wconf 82' lang='lat' dir='ltr'>tractura</span> 
     </span>
     <span class='ocr_line' id='line_1_12' title="bbox 218 2206 1419 2299; baseline 0.004 -23"><span class='ocrx_word' id='word_1_64' title='bbox 218 2206 401 2297; x_wconf 86' lang='lat' dir='ltr'>inaequali</span> <span class='ocrx_word' id='word_1_65' title='bbox 420 2228 565 2299; x_wconf 87' lang='lat' dir='ltr'>aspera,</span> <span class='ocrx_word' id='word_1_66' title='bbox 582 2206 678 2294; x_wconf 85' lang='lat' dir='ltr'>albu,</span> <span class='ocrx_word' id='word_1_67' title='bbox 708 2206 932 2295; x_wconf 89' lang='lat' dir='ltr'>aurantiac0,</span> <span class='ocrx_word' id='word_1_68' title='bbox 961 2206 1075 2278; x_wconf 89' lang='lat' dir='ltr'>rubro</span> <span class='ocrx_word' id='word_1_69' title='bbox 1095 2212 1160 2279; x_wconf 88' lang='lat' dir='ltr'>aut</span> <span class='ocrx_word' id='word_1_70' title='bbox 1178 2207 1419 2281; x_wconf 85' lang='lat' dir='ltr'>fusco-rubro</span> 
     </span>
     <span class='ocr_line' id='line_1_13' title="bbox 218 2334 415 2425; baseline 0 -20"><span class='ocrx_word' id='word_1_71' title='bbox 218 2334 415 2425; x_wconf 88' lang='lat' dir='ltr'>variegata.</span> 
     </span>
    </p>
   </div>
   <div class='ocr_carea' id='block_1_4' title="bbox 215 2478 1419 3462">
    <p class='ocr_par' dir='ltr' id='par_1_4' title="bbox 215 2478 1419 3462">
     <span class='ocr_line' id='line_1_14' title="bbox 328 2478 1419 2573; baseline 0.005 -24"><span class='ocrx_word' id='word_1_72' title='bbox 328 2478 449 2550; x_wconf 88' lang='lat' dir='ltr'>Sectio</span> <span class='ocrx_word' id='word_1_73' title='bbox 488 2483 703 2553; x_wconf 86' lang='lat' dir='ltr'>transversa</span> <span class='ocrx_word' id='word_1_74' title='bbox 739 2481 874 2572; x_wconf 90' lang='lat' dir='ltr'>probat</span> <span class='ocrx_word' id='word_1_75' title='bbox 923 2480 1001 2553; x_wconf 90' lang='lat' dir='ltr'>sive</span> <span class='ocrx_word' id='word_1_76' title='bbox 1048 2500 1165 2572; x_wconf 91' lang='lat' dir='ltr'>prope</span> <span class='ocrx_word' id='word_1_77' title='bbox 1211 2483 1419 2573; x_wconf 82' lang='lat' dir='ltr'>marginem</span> 
     </span>
     <span class='ocr_line' id='line_1_15' title="bbox 219 2606 1417 2698; baseline 0.004 -23"><span class='ocrx_word' id='word_1_78' title='bbox 219 2626 351 2676; x_wconf 88' lang='lat' dir='ltr'>zonam</span> <span class='ocrx_word' id='word_1_79' title='bbox 371 2606 593 2697; x_wconf 89' lang='lat' dir='ltr'>densiorem,</span> <span class='ocrx_word' id='word_1_80' title='bbox 608 2607 781 2680; x_wconf 89' lang='lat' dir='ltr'>radiatim</span> <span class='ocrx_word' id='word_1_81' title='bbox 797 2608 984 2698; x_wconf 78' lang='lat' dir='ltr'>signatam</span> <span class='ocrx_word' id='word_1_82' title='bbox 998 2627 1064 2698; x_wconf 91' lang='lat' dir='ltr'>per</span> <span class='ocrx_word' id='word_1_83' title='bbox 1079 2608 1178 2680; x_wconf 87' lang='lat' dir='ltr'>vices</span> <span class='ocrx_word' id='word_1_84' title='bbox 1195 2607 1302 2680; x_wconf 88' lang='lat' dir='ltr'>lineis</span> <span class='ocrx_word' id='word_1_85' title='bbox 1323 2608 1417 2681; x_wconf 88' lang='lat' dir='ltr'>albis</span> 
     </span>
     <span class='ocr_line' id='line_1_16' title="bbox 220 2733 1416 2827; baseline 0.004 -24"><span class='ocrx_word' id='word_1_86' title='bbox 220 2738 255 2804; x_wconf 92' lang='lat' dir='ltr'>et</span> <span class='ocrx_word' id='word_1_87' title='bbox 272 2733 395 2805; x_wconf 90' lang='lat' dir='ltr'>rubris</span> <span class='ocrx_word' id='word_1_88' title='bbox 420 2737 485 2807; x_wconf 91' lang='lat' dir='ltr'>aut</span> <span class='ocrx_word' id='word_1_89' title='bbox 513 2734 738 2807; x_wconf 89' lang='lat' dir='ltr'>aurantiacis</span> <span class='ocrx_word' id='word_1_90' title='bbox 773 2740 809 2807; x_wconf 93' lang='lat' dir='ltr'>et</span> <span class='ocrx_word' id='word_1_91' title='bbox 841 2737 986 2827; x_wconf 90' lang='lat' dir='ltr'>partem</span> <span class='ocrx_word' id='word_1_92' title='bbox 1019 2734 1182 2806; x_wconf 91' lang='lat' dir='ltr'>mediam</span> <span class='ocrx_word' id='word_1_93' title='bbox 1214 2735 1416 2809; x_wconf 89' lang='lat' dir='ltr'>medullae-</span> 
     </span>
     <span class='ocr_line' id='line_1_17' title="bbox 216 2861 1414 2952; baseline 0.003 -21"><span class='ocrx_word' id='word_1_94' title='bbox 216 2861 373 2931; x_wconf 88' lang='lat' dir='ltr'>lormem</span> <span class='ocrx_word' id='word_1_95' title='bbox 389 2861 563 2952; x_wconf 85' lang='lat' dir='ltr'>amplam,</span> <span class='ocrx_word' id='word_1_96' title='bbox 577 2862 725 2952; x_wconf 87' lang='lat' dir='ltr'>punctis</span> <span class='ocrx_word' id='word_1_97' title='bbox 746 2867 783 2933; x_wconf 94' lang='lat' dir='ltr'>et</span> <span class='ocrx_word' id='word_1_98' title='bbox 797 2861 954 2934; x_wconf 89' lang='lat' dir='ltr'>maculis</span> <span class='ocrx_word' id='word_1_99' title='bbox 976 2861 1082 2932; x_wconf 87' lang='lat' dir='ltr'>llavis</span> <span class='ocrx_word' id='word_1_100' title='bbox 1103 2864 1138 2933; x_wconf 83' lang='lat' dir='ltr'>et</span> <span class='ocrx_word' id='word_1_101' title='bbox 1153 2862 1277 2934; x_wconf 85' lang='lat' dir='ltr'>rubris</span> <span class='ocrx_word' id='word_1_102' title='bbox 1297 2862 1414 2935; x_wconf 86' lang='lat' dir='ltr'>varie-</span> 
     </span>
     <span class='ocr_line' id='line_1_18' title="bbox 216 2986 1414 3082; baseline 0.003 -23"><span class='ocrx_word' id='word_1_103' title='bbox 216 2994 351 3079; x_wconf 85' lang='lat' dir='ltr'>gatam,</span> <span class='ocrx_word' id='word_1_104' title='bbox 399 2986 526 3077; x_wconf 84' lang='lat' dir='ltr'>figuris</span> <span class='ocrx_word' id='word_1_105' title='bbox 569 2988 721 3060; x_wconf 86' lang='lat' dir='ltr'>radiatis</span> <span class='ocrx_word' id='word_1_106' title='bbox 753 2990 878 3080; x_wconf 88' lang='lat' dir='ltr'>parvis</span> <span class='ocrx_word' id='word_1_107' title='bbox 912 2990 949 3061; x_wconf 94' lang='lat' dir='ltr'>in</span> <span class='ocrx_word' id='word_1_108' title='bbox 994 2988 1170 3064; x_wconf 86' lang='lat' dir='ltr'>circulum</span> <span class='ocrx_word' id='word_1_109' title='bbox 1208 2988 1414 3082; x_wconf 87' lang='lat' dir='ltr'>dispositis;</span> 
     </span>
     <span class='ocr_line' id='line_1_19' title="bbox 217 3114 1415 3205; baseline 0.002 -19"><span class='ocrx_word' id='word_1_110' title='bbox 217 3116 293 3187; x_wconf 86' lang='lat' dir='ltr'>sivo</span> <span class='ocrx_word' id='word_1_111' title='bbox 322 3115 435 3187; x_wconf 89' lang='lat' dir='ltr'>telam</span> <span class='ocrx_word' id='word_1_112' title='bbox 463 3114 620 3205; x_wconf 90' lang='lat' dir='ltr'>punctis,</span> <span class='ocrx_word' id='word_1_113' title='bbox 650 3116 808 3187; x_wconf 84' lang='lat' dir='ltr'>maculis</span> <span class='ocrx_word' id='word_1_114' title='bbox 839 3122 875 3187; x_wconf 91' lang='lat' dir='ltr'>et</span> <span class='ocrx_word' id='word_1_115' title='bbox 893 3116 1000 3188; x_wconf 90' lang='lat' dir='ltr'>lineis</span> <span class='ocrx_word' id='word_1_116' title='bbox 1020 3116 1215 3189; x_wconf 85' lang='lat' dir='ltr'>multifarie</span> <span class='ocrx_word' id='word_1_117' title='bbox 1235 3116 1415 3189; x_wconf 86' lang='lat' dir='ltr'>intricatis</span> 
     </span>
     <span class='ocr_line' id='line_1_20' title="bbox 216 3241 1416 3336; baseline 0.002 -22"><span class='ocrx_word' id='word_1_118' title='bbox 216 3241 450 3333; x_wconf 88' lang='lat' dir='ltr'>variegatam,</span> <span class='ocrx_word' id='word_1_119' title='bbox 481 3242 610 3332; x_wconf 88' lang='lat' dir='ltr'>liguris</span> <span class='ocrx_word' id='word_1_120' title='bbox 630 3242 702 3314; x_wconf 92' lang='lat' dir='ltr'>illis</span> <span class='ocrx_word' id='word_1_121' title='bbox 732 3244 885 3316; x_wconf 88' lang='lat' dir='ltr'>radiatis</span> <span class='ocrx_word' id='word_1_122' title='bbox 915 3243 1164 3333; x_wconf 87' lang='lat' dir='ltr'>irregulariter</span> <span class='ocrx_word' id='word_1_123' title='bbox 1189 3245 1330 3336; x_wconf 82' lang='lat' dir='ltr'>sparsis</span> <span class='ocrx_word' id='word_1_124' title='bbox 1350 3266 1416 3335; x_wconf 83' lang='lat' dir='ltr'>per</span> 
     </span>
     <span class='ocr_line' id='line_1_21' title="bbox 215 3370 1069 3462; baseline 0.001 -22"><span class='ocrx_word' id='word_1_125' title='bbox 215 3373 332 3441; x_wconf 90' lang='lat' dir='ltr'>totam</span> <span class='ocrx_word' id='word_1_126' title='bbox 353 3370 597 3461; x_wconf 83' lang='lat' dir='ltr'>superficiem,</span> <span class='ocrx_word' id='word_1_127' title='bbox 617 3370 762 3462; x_wconf 89' lang='lat' dir='ltr'>passim</span> <span class='ocrx_word' id='word_1_128' title='bbox 782 3371 1069 3443; x_wconf 79' lang='lat' dir='ltr'>continentibus</span> 
     </span>
    </p>
   </div>
   <div class='ocr_carea' id='block_1_5' title="bbox 216 3531 1415 4517">
    <p class='ocr_par' dir='ltr' id='par_1_5' title="bbox 216 3531 1415 4517">
     <span class='ocr_line' id='line_1_22' title="bbox 324 3531 1415 3626; baseline 0.004 -23"><span class='ocrx_word' id='word_1_129' title='bbox 324 3531 487 3605; x_wconf 90' lang='lat' dir='ltr'>Cellulae</span> <span class='ocrx_word' id='word_1_130' title='bbox 523 3533 824 3624; x_wconf 87' lang='lat' dir='ltr'>parenchymatis</span> <span class='ocrx_word' id='word_1_131' title='bbox 864 3534 1057 3607; x_wconf 85' lang='lat' dir='ltr'>continent</span> <span class='ocrx_word' id='word_1_132' title='bbox 1085 3532 1219 3626; x_wconf 89' lang='lat' dir='ltr'>partim</span> <span class='ocrx_word' id='word_1_133' title='bbox 1249 3534 1415 3625; x_wconf 88' lang='lat' dir='ltr'>amylum</span> 
     </span>
     <span class='ocr_line' id='line_1_23' title="bbox 216 3658 1414 3752; baseline 0.004 -23"><span class='ocrx_word' id='word_1_134' title='bbox 216 3658 465 3750; x_wconf 90' lang='lat' dir='ltr'>compositum</span> <span class='ocrx_word' id='word_1_135' title='bbox 484 3666 521 3731; x_wconf 91' lang='lat' dir='ltr'>et</span> <span class='ocrx_word' id='word_1_136' title='bbox 540 3659 740 3751; x_wconf 85' lang='lat' dir='ltr'>particulas</span> <span class='ocrx_word' id='word_1_137' title='bbox 762 3661 897 3734; x_wconf 90' lang='lat' dir='ltr'>coloris</span> <span class='ocrx_word' id='word_1_138' title='bbox 925 3661 1026 3735; x_wconf 84' lang='lat' dir='ltr'>aurei</span> <span class='ocrx_word' id='word_1_139' title='bbox 1046 3660 1298 3752; x_wconf 84' lang='lat' dir='ltr'>splendentes,</span> <span class='ocrx_word' id='word_1_140' title='bbox 1318 3663 1414 3734; x_wconf 82' lang='lat' dir='ltr'>ferro</span> 
     </span>
     <span class='ocr_line' id='line_1_24' title="bbox 217 3785 1415 3879; baseline 0.003 -22"><span class='ocrx_word' id='word_1_141' title='bbox 217 3785 514 3877; x_wconf 87' lang='lat' dir='ltr'>sesquiclrlorato</span> <span class='ocrx_word' id='word_1_142' title='bbox 535 3788 697 3858; x_wconf 89' lang='lat' dir='ltr'>colorem</span> <span class='ocrx_word' id='word_1_143' title='bbox 718 3788 877 3861; x_wconf 89' lang='lat' dir='ltr'>obscure</span> <span class='ocrx_word' id='word_1_144' title='bbox 899 3789 1112 3861; x_wconf 90' lang='lat' dir='ltr'>caeruleum</span> <span class='ocrx_word' id='word_1_145' title='bbox 1131 3787 1415 3879; x_wconf 72' lang='lat' dir='ltr'>induentes&#39;in</span> 
     </span>
     <span class='ocr_line' id='line_1_25' title="bbox 216 3912 1413 4007; baseline 0.002 -24"><span class='ocrx_word' id='word_1_146' title='bbox 216 3912 311 3985; x_wconf 89' lang='lat' dir='ltr'>kalio</span> <span class='ocrx_word' id='word_1_147' title='bbox 331 3912 592 4004; x_wconf 81' lang='lat' dir='ltr'>hydroxydato</span> <span class='ocrx_word' id='word_1_148' title='bbox 610 3915 732 3986; x_wconf 87' lang='lat' dir='ltr'>colore</span> <span class='ocrx_word' id='word_1_149' title='bbox 753 3917 961 4007; x_wconf 85' lang='lat' dir='ltr'>sanguineo</span> <span class='ocrx_word' id='word_1_150' title='bbox 973 3916 1161 4005; x_wconf 67' lang='lat' dir='ltr'>solubiles</span> <span class='ocrx_word' id='word_1_151' title='bbox 1181 3915 1315 4007; x_wconf 89' lang='lat' dir='ltr'>partim</span> <span class='ocrx_word' id='word_1_152' title='bbox 1334 3937 1413 4007; x_wconf 89' lang='lat' dir='ltr'>cry-</span> 
     </span>
     <span class='ocr_line' id='line_1_26' title="bbox 217 4041 1415 4134; baseline 0.003 -24"><span class='ocrx_word' id='word_1_153' title='bbox 217 4041 346 4113; x_wconf 86' lang='lat' dir='ltr'>stallos</span> <span class='ocrx_word' id='word_1_154' title='bbox 367 4042 690 4131; x_wconf 78' lang='lat' dir='ltr'>frequentissimas</span> <span class='ocrx_word' id='word_1_155' title='bbox 711 4044 873 4132; x_wconf 84' lang='lat' dir='ltr'>grandes</span> <span class='ocrx_word' id='word_1_156' title='bbox 904 4044 1006 4116; x_wconf 85' lang='lat' dir='ltr'>calcii</span> <span class='ocrx_word' id='word_1_157' title='bbox 1033 4043 1174 4114; x_wconf 87' lang='lat' dir='ltr'>oxalicl.</span> <span class='ocrx_word' id='word_1_158' title='bbox 1212 4042 1415 4134; x_wconf 85' lang='lat' dir='ltr'>Propterea</span> 
     </span>
     <span class='ocr_line' id='line_1_27' title="bbox 217 4168 1413 4243; baseline 0.003 -6"><span class='ocrx_word' id='word_1_159' title='bbox 217 4168 320 4240; x_wconf 84' lang='lat' dir='ltr'>radix</span> <span class='ocrx_word' id='word_1_160' title='bbox 349 4168 545 4239; x_wconf 90' lang='lat' dir='ltr'>masticata</span> <span class='ocrx_word' id='word_1_161' title='bbox 578 4168 672 4240; x_wconf 87' lang='lat' dir='ltr'>inter·</span> <span class='ocrx_word' id='word_1_162' title='bbox 706 4170 836 4242; x_wconf 85' lang='lat' dir='ltr'>dentes</span> <span class='ocrx_word' id='word_1_163' title='bbox 871 4171 1004 4243; x_wconf 88' lang='lat' dir='ltr'>stridet</span> <span class='ocrx_word' id='word_1_164' title='bbox 1037 4176 1073 4242; x_wconf 86' lang='lat' dir='ltr'>et</span> <span class='ocrx_word' id='word_1_165' title='bbox 1106 4170 1261 4242; x_wconf 86' lang='lat' dir='ltr'>salivam</span> <span class='ocrx_word' id='word_1_166' title='bbox 1291 4170 1413 4241; x_wconf 91' lang='lat' dir='ltr'>colore</span> 
     </span>
     <span class='ocr_line' id='line_1_28' title="bbox 217 4294 1414 4387; baseline 0.001 -22"><span class='ocrx_word' id='word_1_167' title='bbox 217 4294 311 4367; x_wconf 87' lang='lat' dir='ltr'>llavo</span> <span class='ocrx_word' id='word_1_168' title='bbox 343 4294 459 4385; x_wconf 87' lang='lat' dir='ltr'>tingit.</span> <span class='ocrx_word' id='word_1_169' title='bbox 490 4295 686 4366; x_wconf 83' lang='lat' dir='ltr'>Pulverem</span> <span class='ocrx_word' id='word_1_170' title='bbox 714 4298 870 4387; x_wconf 74' lang='lat' dir='ltr'>praebet</span> <span class='ocrx_word' id='word_1_171' title='bbox 898 4296 993 4369; x_wconf 90' lang='lat' dir='ltr'>laete</span> <span class='ocrx_word' id='word_1_172' title='bbox 1023 4300 1178 4380; x_wconf 87' lang='lat' dir='ltr'>llavum;</span> <span class='ocrx_word' id='word_1_173' title='bbox 1209 4296 1334 4368; x_wconf 81' lang='lat' dir='ltr'>odoris</span> <span class='ocrx_word' id='word_1_174' title='bbox 1356 4301 1414 4367; x_wconf 84' lang='lat' dir='ltr'>est</span> 
     </span>
     <span class='ocr_line' id='line_1_29' title="bbox 216 4422 1186 4517; baseline 0.002 -26"><span class='ocrx_word' id='word_1_175' title='bbox 216 4422 419 4512; x_wconf 84' lang='lat' dir='ltr'>peculiaris,</span> <span class='ocrx_word' id='word_1_176' title='bbox 438 4423 584 4513; x_wconf 88' lang='lat' dir='ltr'>saporis</span> <span class='ocrx_word' id='word_1_177' title='bbox 602 4423 838 4493; x_wconf 83' lang='lat' dir='ltr'>amaricantis</span> <span class='ocrx_word' id='word_1_178' title='bbox 855 4429 891 4495; x_wconf 93' lang='lat' dir='ltr'>et</span> <span class='ocrx_word' id='word_1_179' title='bbox 907 4423 1186 4517; x_wconf 79' lang='lat' dir='ltr'>adstringentis.</span> 
     </span>
    </p>
   </div>
   <div class='ocr_carea' id='block_1_6' title="bbox 216 4586 1413 4786">
    <p class='ocr_par' dir='ltr' id='par_1_6' title="bbox 216 4586 1413 4786">
     <span class='ocr_line' id='line_1_30' title="bbox 322 4586 1413 4678; baseline -0.002 -18"><span class='ocrx_word' id='word_1_180' title='bbox 322 4586 539 4678; x_wconf 88' lang='lat' dir='ltr'>Rejicionda</span> <span class='ocrx_word' id='word_1_181' title='bbox 577 4592 634 4660; x_wconf 85' lang='lat' dir='ltr'>est</span> <span class='ocrx_word' id='word_1_182' title='bbox 670 4588 775 4659; x_wconf 82' lang='lat' dir='ltr'>radix</span> <span class='ocrx_word' id='word_1_183' title='bbox 814 4593 969 4671; x_wconf 80' lang='lat' dir='ltr'>vetusta,</span> <span class='ocrx_word' id='word_1_184' title='bbox 1014 4589 1166 4676; x_wconf 79' lang='lat' dir='ltr'>cariosa,</span> <span class='ocrx_word' id='word_1_185' title='bbox 1205 4588 1413 4678; x_wconf 83' lang='lat' dir='ltr'>spongiosa,</span> 
     </span>
     <span class='ocr_line' id='line_1_31' title="bbox 216 4714 373 4786; baseline 0 -1"><span class='ocrx_word' id='word_1_186' title='bbox 216 4714 373 4786; x_wconf 87' lang='lat' dir='ltr'>mucida.</span> 
     </span>
    </p>
   </div>
   <div class='ocr_carea' id='block_1_7' title="bbox 0 0 1804 5534">
    <p class='ocr_par' dir='ltr' id='par_1_7' title="bbox 0 0 1804 5534">
     <span class='ocr_line' id='line_1_32' title="bbox 0 0 1804 5534; baseline 0 0"><span class='ocrx_word' id='word_1_187' title='bbox 0 0 1804 5534; x_wconf 95' lang='lat' dir='ltr'> </span> 
     </span>
    </p>
   </div>
  </div>
 </body>
</html>
