3600 5534
675 534 916 605 -157-

311 750 407 823 Kalii
425 750 583 823 bromati
613 752 785 823 exsiccati
811 752 1104 843 decissrammata
1132 753 1206 825 duo
1233 753 1271 824 in
1300 773 1398 843 aqua

202 878 329 950 soluta
348 878 475 974 addito
495 878 658 970 pauxillo
678 878 762 951 kalii
779 880 966 968 chromici,
988 902 1056 953 nec
1076 881 1170 953 infra
1185 880 1346 952 sedecim
1363 884 1398 951 et

202 1005 397 1078 dimidium
417 1007 538 1097 (16·5)
555 1028 624 1079 nec
645 1007 740 1079 ultra
758 1006 1025 1099 septemdecim
1041 1008 1162 1099 (ll-0)
1179 1006 1398 1079 ceritimetra

202 1132 335 1205 cubica
359 1134 556 1206 solutionis
583 1135 814 1209 volumetrici
842 1136 984 1227 argenti
1017 1134 1135 1209 nitrici
1162 1141 1396 1222 consumant,

202 1261 323 1332 donec
337 1261 619 1353 praecipitatum
640 1262 774 1334 coloris
794 1263 892 1335 rubri
914 1285 989 1335 non
1010 1264 1169 1355 amplius
1195 1265 1397 1337 evanescit.

377 1730 592 1838 llalium
618 1731 966 1839 carbunicam
993 1731 1233 1840 crudum.

316 1974 511 2045 Commeat
548 1973 588 2045 in
635 1980 784 2047 centum
820 1974 990 2065 partibus
1039 1973 1232 2045 minimum
1275 1979 1400 2066 partes

207 2106 259 2175 80
280 2102 373 2193 Kalii
393 2102 590 2188 sarbonici,
611 2102 698 2174 hinc
725 2102 1015 2193 decigrammata
1034 2103 1108 2174 duo
1139 2100 1229 2173 salis
1259 2100 1401 2173 venalis

206 2229 336 2302 siccati
356 2228 552 2301 minimum
570 2230 762 2322 requirant
788 2230 1006 2303 centimetra
1034 2229 1165 2303 cubica
1183 2228 1312 2319 viginti
1331 2228 1402 2300 tria

207 2363 245 2429 ct
264 2358 363 2428 duas
392 2357 555 2429 decimas
587 2357 690 2447 (dl-lid
716 2356 802 2447 CC.)
828 2356 1027 2429 solutionis
1049 2356 1341 2443 alcalimetricae,
1362 2361 1403 2427 ut

206 2485 369 2577 perfecte
388 2489 613 2557 saturentur.

400 2936 612 3042 llulinm
638 2936 985 3043 carbonicum
1012 2968 1219 3077 purum.

318 3179 445 3252 Pulvis
466 3180 585 3267 allatis,
605 3179 805 3251 reactiouis
835 3179 1024 3267 sicolinae,
1046 3185 1130 3250 ae're
1155 3178 1308 3251 humido
1340 3179 1403 3250 dif-

207 3312 341 3393 lluens,
363 3307 563 3397 inaequali
584 3306 749 3398 pondere
768 3330 889 3399 aquae
910 3329 1065 3399 prorsus
1085 3312 1122 3378 et
1150 3306 1300 3399 quidem
1324 3306 1403 3378 lim·

208 3434 296 3527 pide
316 3434 496 3519 solubilis
532 3434 647 3505 aridis
681 3434 811 3506 affusis
838 3434 1054 3510 effervescit.
1089 3434 1202 3505 limbo
1231 3434 1404 3505 flammae

207 3583 343 3654 parum
357 3561 527 3648 lucentis,
544 3582 614 3653 ope
629 3562 680 3632 lili
695 3562 848 3653 platinci
862 3562 900 3633 in
916 3582 1048 3633 ansam
1064 3560 1203 3633 curvati
1218 3560 1403 3647 admotus,

207 3693 403 3761 llammam
421 3688 586 3761 violaceo
607 3690 728 3760 colore
748 3688 873 3760 inlicit.

322 3816 464 3889 Solutio
475 3838 628 3907 aquosa,
639 3818 677 3889 iu
692 3818 917 3889 solutionem
932 3818 1074 3907 argenti
1086 3815 1204 3887 uitrici
1219 3815 1405 3903 instillata,

206 3944 492 4038 praecipitatum
510 3946 687 4036 praebeat
706 3965 805 4015 mere
826 3944 964 4031 allium,
991 3944 1090 4035 quod
1126 3945 1246 4015 calore
1274 3944 1406 4015 leniter

208 4079 321 4146 aucto
342 4094 390 4145 ne
423 4072 609 4163 nigrescat
641 4078 676 4144 ct
710 4072 817 4144 acido
851 4057 991 4159 uitrico,
1026 4070 1225 4163 perexiguo
1256 4072 1404 4143 nonnisi

207 4202 361 4274 residuo
376 4201 513 4286 relicto,
530 4200 706 4271 solvatur.
723 4200 863 4272 Eadem
878 4202 967 4271 salis
984 4198 1118 4271 solutio
1134 4220 1203 4271 nec
1218 4199 1405 4271 ammonio

210 4327 515 4420 lrydrosulsurato
535 4333 707 4415 mutetur,
732 4348 812 4416 nec,
843 4326 977 4399 additis
1013 4327 1126 4416 guttis
1156 4327 1297 4419 aliquot
1322 4326 1406 4399 leni

210 4456 377 4529 sullurici
400 4462 435 4528 et
455 4456 751 4547 sesquiclllorati,
773 4457 818 4525 ad
841 4455 1094 4527 ebullitionem
1120 4460 1247 4527 evecta
1266 4461 1302 4527 et
1322 4455 1406 4527 dein

210 4584 323 4657 acido
339 4582 622 4674 hydrochlorico
634 4587 924 4674 supersaturaia,
937 4583 1185 4654 sedimentum
1197 4583 1407 4654 caeruleum

210 4711 360 4786 efficiat.
