3600 5534
707 574 757 582 --
788 530 865 603 eoa
901 574 946 583 -

338 749 462 821 Radix
481 750 604 822 valida
621 749 837 826 lusifonnis.
864 750 1004 822 siccata
1030 754 1066 823 el
1089 751 1223 822 coitice
1250 752 1427 823 extenore

228 878 334 949 fusco
373 878 559 969 deglupto,
591 877 700 948 nobis
739 878 897 950 advecta
937 900 955 949 e
991 878 1130 949 Riissia
1159 876 1194 947 in
1224 878 1426 967 segmentis

229 1004 399 1077 diversae
418 1004 673 1096 longitudinis,
693 1005 768 1075 duo
789 1004 837 1075 ad
855 1010 1016 1096 quatuor
1033 1004 1251 1075 centiinetra
1276 1005 1425 1093 crassis

227 1131 430 1223 aequaliter
459 1132 570 1205 diluto
597 1132 714 1220 ssavis,
736 1131 774 1203 in
794 1130 958 1205 fractura
976 1131 1084 1205 valde
1112 1131 1272 1219 limosis,
1300 1132 1338 1204 in
1365 1155 1425 1205 su·

226 1260 373 1351 perficie
405 1264 559 1332 externa
582 1258 1021 1347 fibroso-scabiiusculiS‚
1054 1258 1092 1329 in
1113 1258 1278 1331 sectione
1304 1265 1423 1333 trans-

226 1408 336 1459 versa
354 1408 487 1479 grosse
505 1387 678 1460 radiatim
698 1385 848 1475 seriatis,
878 1388 1098 1479 plerumque
1119 1386 1232 1459 etiam
1252 1388 1423 1461 radiatim

227 1514 336 1603 fissis
358 1515 506 1607 saporis
524 1514 722 1608 perdulcis.

339 1640 504 1713 Gelolino
526 1640 740 1736 [sique'ritioc
755 1640 940 1737 pellucido.
960 1640 1084 1713 Pulvis·
1103 1638 1321 1737 Liquiritine
1334 1665 1421 1713 com-

222 1771 364 1865 positus.
385 1770 509 1843 Pulvis
524 1794 731 1867 qummosns.

584 2091 760 2201 {lodix
786 2091 1055 2203 (humidis,

335 2354 468 2423 Onolcis
496 2353 640 2448 spinosa
668 2353 801 2443 Lino,
831 2354 1012 2426 suffrulex
1043 2355 1081 2425 in
1101 2354 1200 2427 arvis
1221 2360 1257 2427 et
1277 2354 1418 2445 campis

221 2479 365 2551 obvius.
387 2475 648 2574 chnminosae.
671 2480 951 2575 Papilionoccae.

324 2606 446 2679 Radix
456 2606 663 2700 multiceps
675 2608 959 2699 subcylindrica,
970 2630 1132 2699 ramosa,
1144 2608 1290 2697 siccata,
1303 2631 1417 2701 quain

220 2734 417 2825 plurimum
434 2735 564 2807 decem
579 2734 627 2807 ad
642 2736 854 2826 quindecim
864 2735 1075 2807 millinietca
1090 2758 1226 2827 crassa,
1239 2758 1315 2808 non
1330 2759 1414 2809 raro

219 2882 447 2954 compressa,
458 2868 610 2935 curvata
621 2867 658 2936 et
667 2867 773 2949 torta,
795 2884 908 2954 saepe
924 2884 991 2954 per
1002 2863 1270 2953 longitudinem
1282 2864 1413 2936 rimata

219 2988 301 3060 etin
312 2988 426 3061 fibras
449 2989 642 3076 dissoluta,
661 2990 818 3081 lignosa,
839 2991 1088 3078 tenacissima,
1119 2996 1227 3063 extus
1248 3013 1267 3061 e
1293 2992 1415 3081 griseo

217 3112 329 3205 fusca
358 3116 397 3187 in
428 3116 592 3188 sectione
621 3123 838 3189 transversa
858 3118 1037 3190 exhibens
1068 3119 1241 3190 corticem
1263 3124 1413 3191 tenuem

216 3242 362 3315 fuscum
382 3248 419 3314 et
448 3243 587 3333 lignum
617 3244 838 3320 subflavum.
867 3245 980 3316 radiis
1011 3245 1277 3317 inedullaribus
1308 3246 1413 3337 albis,

217 3370 341 3459 quoad
356 3370 586 3442 latitudinem
598 3372 758 3443 maxime
769 3371 1035 3459 differentibus
1048 3372 1236 3463 eleganter
1251 3372 1411 3445 flabella-

216 3496 280 3567 tim
305 3502 486 3569 notatum.
517 3498 670 3589 Saporis
691 3503 747 3569 est
763 3498 971 3587 subaeerbi‚
994 3500 1164 3571 subacris
1185 3520 1270 3571 cu1n
1289 3500 1415 3592 aliqua

216 3616 418 3696 dulcedine.

575 3944 751 4055 Radix
776 3946 1047 4089 Pyrcthri.

320 4186 517 4281 flocoaldus
548 4185 760 4283 Pprctlnam
797 4189 878 4279 lle„
914 4190 1043 4281 planta
1073 4190 1351 4283 mediterranea,
1372 4192 1407 4265 in

212 4313 358 4404 lllgeria
376 4312 558 4404 imprimis
580 4322 790 4406 spontanea
810 4322 845 4387 et
866 4317 976 4389 culta.
1003 4321 1016 4385 l
1027 4318 1235 4412 'olnposiloc

318 4440 440 4513 Radix
459 4440 678 4533 plerumque
699 4443 855 4535 simplex
877 4444 1026 4535 siceota,
1057 4446 1094 4517 in
1113 4447 1241 4518 frustis
1261 4446 1407 4518 liisilor-

210 4568 351 4658 niibus,
389 4567 675 4658 subcylindiicis
722 4574 787 4643 aut
824 4570 957 4644 obtuse
997 4571 1200 4663 angulatiS,
1249 4596 1313 4645 sex
1359 4574 1406 4646 ad

211 4695 405 4769 duodecim
444 4694 661 4769 centimetra
694 4697 823 4788 longis,
857 4718 975 4773 unum
1012 4700 1060 4773 ad
1094 4700 1162 4773 tria
1191 4701 1408 4773 centimetra

1188 4840 1239 4894 15*
