3600 5534
856 540 915 575 '-
947 522 1023 594 bil
1054 527 1118 574 —'

740 842 916 953 Radix
944 842 1227 953 Graminis

763 1072 962 1152 Rbizoma
985 1069 1199 1151 Graminis.

499 1266 668 1338 Triticum
706 1292 823 1363 repens
860 1267 999 1356 Lirin,
1036 1268 1166 1361 planta
1202 1267 1376 1357 rediviva,
1403 1268 1450 1339 ad
1489 1268 1581 1356 vias,

387 1396 565 1487 sapasim
585 1396 684 1487 agris
702 1396 1015 1487 frequentissima.
1043 1394 1263 1467 Gremiueec.
1540 1402 1544 1414 '

495 1522 680 1595 Rhizoma
699 1522 970 1614 longissimum,
991 1544 1194 1611 ramosum,
1220 1521 1399 1595 siccatum
1434 1524 1480 1596 ad
1512 1526 1584 1597 tria

386 1651 597 1723 millimetra
617 1672 798 1739 crassum,
831 1650 1049 1723 internodiis
1084 1650 1157 1721 duo
1193 1648 1242 1721 ad
1276 1654 1437 1742 quatuor
1469 1654 1581 1726 centi-

386 1783 507 1851 metra
520 1777 652 1870 longis
669 1777 860 1867 fistulosis
875 1783 984 1850 extus
996 1777 1160 1865 sulcatis
1173 1776 1353 1866 laevibuS,
1368 1779 1583 1868 nitentibus

388 1905 521 1978 coloris
556 1905 757 1993 straminei,
793 1905 1032 1977 solummodo
1070 1903 1118 1976 ad
1148 1904 1271 1977 nodos
1300 1906 1401 1979 intus
1431 1907 1582 1980 clausos

388 2033 573 2105 radicibus
594 2032 768 2106 tenuibus
789 2039 825 2105 et
844 2033 987 2123 vaginis
1009 2033 1313 2121 membranaceis
1335 2008 1478 2123 albidis,
1499 2034 1581 2107 fim-

387 2160 515 2233 briatis
536 2161 709 2232 obsitum.

496 2288 616 2360 Sectio
635 2292 854 2361 transversa
872 2288 1070 2361 intermedii
1088 2278 1238 2362 ¹exbibet
1258 2310 1392 2361 cavum
1421 2290 1584 2363 centrale

389 2420 425 2487 et
444 2416 623 2488 annulum
648 2416 891 2490 subcitrinum
912 2415 1132 2489 efasciculls
1157 2438 1335 2488 vasorum
1355 2416 1583 2507 continuum,

389 2547 496 2615 extus
517 2542 786 2616 circumdatum
812 2549 930 2617 strate
956 2542 1052 2631 albe,
1077 2543 1201 2634 amylo
1226 2548 1386 2633 carente,
1408 2545 1584 2619 corticali.

496 2670 672 2743 Fodiatur
690 2692 786 2759 vere,
806 2675 1009 2762 antequam
1024 2669 1134 2743 culmi
1148 2670 1359 2762 prodierint,
1372 2676 1409 2745 et
1428 2674 1584 2745 resectis

388 2798 572 2872 radicibus
593 2780 772 2872 siccatum
792 2801 971 2871 servetur.
992 2796 1217 2889 Plerumque
1236 2799 1413 2888 rhizoma,
1435 2801 1582 2891 saporis

389 2926 590 3015 subdulcia
611 2926 803 3000 concisum
822 2926 860 2998 in
880 2932 1091 2999 mercatura
1110 2928 1290 3019 provenit,

498 3052 718 3126 distractum.
949 3054 951 3060 ’

535 3378 832 3491 Baetim
867 3302 1446 3514 neumarum.

746 3604 944 3683 summa
966 3604 1236 3707 Hydrastidis.

498 3800 693 3893 Hydrastis
712 3798 927 3871 Cuncdmsc's
944 3800 1021 3872 Lin
1032 3822 1080 3888 n,
1100 3800 1229 3892 planta
1247 3797 1421 3891 perennis
1441 3796 1583 3870 Ameri-

391 3952 456 4003 cae
477 3929 649 4002 borealis.
670 3928 968 4000 chunculuccae.

499 4057 683 4131 Rhizoma
703 4056 894 4148 obliquum
929 4062 994 4129 aut
1013 4055 1253 4145 horizontale,
1280 4054 1459 4127 siccatum
1480 4074 1585 4125 arcu·

392 4191 505 4278 atum,
526 4187 744 4273 flexuosum,
759 4184 903 4276 passim
919 4185 1220 4270 subtuberosum,
1241 4186 1401 4274 quatuor
1417 4181 1464 4253 ad
1481 4182 1586 4272 quin-

392 4334 465 4406 que
486 4313 703 4386 centimetra
721 4312 886 4403 longum,
908 4316 1068 4404 quatuor
1088 4311 1133 4382 ad
1155 4315 1239 4383 octo
1260 4308 1470 4381 millimetra
1490 4329 1588 4380 cras·

392 4462 487 4529 sum,
514 4440 931 4532 multiceps-ramosum,
957 4438 1070 4511 ramis
1100 4438 1289 4528 brevibus
1314 4456 1468 4510 sursum
1494 4435 1586 4508 cica-

390 4569 480 4643 tn'ce
514 4569 630 4642 caulis
659 4567 856 4656 excavatis,
887 4566 1191 4654 subannulatum,
1216 4565 1380 4655 undique
1415 4563 1588 4637 emittens

391 4697 535 4773 radices
545 4701 689 4789 tenues,
699 4695 847 4790 fragiles
858 4692 1237 4786 eorumquereliquiis
1256 4692 1295 4765 in
1312 4691 1506 4787 superficie
1521 4711 1589 4786 per
