3600 5534
688 491 905 563 ,67-

196 707 385 800 agitando,
405 714 486 782 tum
506 709 742 800 refrigeretur
760 713 798 782 et
815 709 967 803 pondus
987 709 1069 800 ejns
1095 708 1231 782 iterum
1257 709 1396 781 trutina

195 835 439 910 examinetur.
475 833 631 908 Pondus
671 835 772 927 quod
811 835 917 908 deest
953 835 1186 923 restituam,
1223 835 1396 908 addendo

194 961 365 1054 spiritum
411 962 489 1036 vini
536 967 818 1036 conceutratum
855 963 894 1036 in
932 962 1130 1036 sufficienti
1172 964 1394 1054 quantitate.

193 1089 335 1182 Liquor
360 1090 611 1164 asedimento
638 1091 794 1164 defusus
819 1091 988 1164 filtretur.
1016 1090 1158 1164 Filtrati
1186 1097 1396 1182 grammata

193 1218 365 1306 ducenta,
404 1239 501 1311 quae
549 1218 725 1292 solubilia
771 1222 1024 1310 grammatum
1070 1218 1201 1292 decem
1248 1218 1395 1292 corticis

193 1344 350 1419 adhibiti
379 1345 584 1434 continent,
622 1346 853 1419 misceantur
886 1367 973 1419 cum
1002 1345 1250 1438 quadraginta
1284 1346 1395 1419 centi-

192 1473 321 1546 metris
350 1473 489 1546 cubicis
518 1494 639 1566 aquae
670 1473 878 1547 destillatae
905 1478 941 1546 et
967 1478 1172 1565 grammate
1201 1494 1278 1545 uno
1299 1474 1394 1546 acidi

193 1602 356 1675 tartarici
384 1606 421 1675 et
445 1602 484 1674 in
509 1602 645 1675 balneo
677 1623 798 1694 aquae
833 1603 1007 1676 calefiant
1043 1602 1091 1674 ad
1126 1601 1280 1694 spiritus
1318 1601 1394 1674 vini

194 1731 396 1822 perfectam
429 1729 745 1822 evaporationem.
778 1729 945 1803 Residuo
979 1730 1195 1820 refrigerato
1230 1728 1396 1803 admisce

194 1857 411 1931 centimetra
438 1858 568 1930 cubica
597 1857 728 1949 viginti
759 1879 879 1950 aquae
910 1857 1131 1930 destillatae.
1163 1857 1395 1929 Solutionem

193 1985 291 2058 filtra
305 1985 524 2077 inlageuam
534 1988 630 2060 bene
641 1984 891 2058 claudendam
901 1990 938 2058 et
949 1985 1044 2057 filtro
1055 2006 1173 2076 parva
1184 1983 1391 2076 quantitate

195 2133 316 2204 aquae
336 2112 448 2204 plane
470 2111 579 2200 eloto,
608 2110 742 2202 liquori
768 2112 921 2184 obtento
942 2110 1037 2184 adde
1065 2109 1229 2183 natrium
1256 2111 1393 2203 hydro-

193 2237 400 2330 oxydatum
416 2237 593 2326 solutum,
610 2238 729 2310 donec
749 2237 887 2310 reactio
908 2237 1032 2311 evadit
1052 2237 1213 2310 alcalina
1232 2243 1269 2310 et
1286 2260 1393 2331 prae·

195 2365 390 2458 cipitatum
409 2386 486 2437 non
507 2364 669 2458 amplius
698 2364 825 2453 oritur,
854 2365 1007 2437 demum
1026 2365 1246 2437 centimetra
1264 2365 1396 2438 cubica

195 2492 463 2586 quinquagena
489 2492 660 2565 aetheris
695 2491 845 2584 Lagona
883 2494 978 2565 bene
1017 2492 1200 2580 obturata,
1230 2492 1394 2584 liquores

194 2620 487 2713 conquassando
517 2619 755 2708 misceantur,
793 2625 833 2692 ut
861 2618 1149 2712 praecipitatum
1177 2619 1217 2690 in
1246 2620 1394 2694 aethere

194 2751 373 2822 solvatur.
414 2747 646 2820 Solutionem
676 2748 889 2820 aetheream
918 2746 1126 2819 alcaloidea
1145 2746 1287 2820 Chinae
1309 2767 1394 2819 con-

192 2877 374 2950 tinentem
403 2875 450 2949 ab
480 2896 626 2967 aquosa
654 2896 799 2967 separa,
835 2875 933 2947 hanc
961 2874 1060 2946 binis
1089 2873 1232 2947 vicibus
1262 2875 1395 2948 eadem

195 3004 355 3077 aetheris
372 3002 579 3095 quantitate
596 3001 760 3090 extrahe,
779 3003 945 3094 liquores
960 3000 1157 3074 aethereos
1173 3003 1394 3076 commixtos
1519 3035 1523 3040 ·

195 3131 231 3203 iu
250 3130 379 3224 patina
398 3128 478 3201 noti
496 3127 673 3221 ponderis
690 3129 832 3220 collige.
853 3128 1012 3201 Aethere
1033 3132 1236 3221 evaporato
1254 3129 1394 3202 residui

196 3259 265 3331 sub
283 3258 536 3349 temperatura
559 3255 658 3328 1000
682 3255 810 3329 siccati
829 3255 980 3346 pondus
999 3253 1141 3326 trutina
1161 3256 1395 3347 exploratum

197 3385 319 3459 decies
335 3387 488 3457 auctum
506 3381 657 3472 indicat,
674 3388 766 3475 quot
779 3387 908 3476 partes
930 3382 1154 3456 centesimae
1175 3383 1395 3459 alcaloidea·
1507 3437 1512 3450 .

196 3534 278 3586 rum
299 3512 339 3584 in
359 3510 495 3584 cortice
514 3509 656 3582 Chinae
676 3509 811 3582 adsint.

303 3638 520 3712 distractum.
547 3637 716 3709 Timtmu
742 3635 872 3708 Chione
891 3636 1090 3731 composita.
1117 3636 1256 3710 Vinum.
1271 3638 1396 3710 Pulvis

194 3766 422 3859 dentifricius
441 3764 549 3862 moer.

513 4047 708 4159 Cortex
735 4050 1084 4166 cinnamomi.

309 4274 576 4348 cinnamomum
596 4271 719 4348 Cossio
739 4276 912 4363 Blume,
934 4275 1046 4347 arhor
1065 4273 1239 4366 speciosa
1254 4273 1396 4348 Chinae

194 4400 462 4476 meridionalis.
485 4399 697 4474 Lamaceoe.

303 4529 439 4604 Cortex
452 4549 643 4601 ramorum
653 4528 820 4601 maxima
830 4550 875 4604 ex
885 4535 992 4620 parte
1007 4528 1255 4621 peridermate
1266 4528 1396 4600 libera·

195 4663 254 4731 tus
265 4662 301 4730 et
317 4656 493 4729 siccatus.
506 4655 603 4729 Tubi
613 4657 669 4728 vel
683 4654 858 4730 semitubi
876 4654 924 4727 ad
939 4655 1011 4728 tria
1025 4655 1242 4729 centimetra
1252 4655 1397 4729 etuitra
