3600 5534
838 498 1082 571 —210-

498 714 618 815 ique
636 712 844 793 destillatae
865 674 1005 793 calidae
1058 716 1230 814 praenimis
1251 715 1415 809 trecentis,
1480 718 1557 790 300

363 862 497 935 deinde
516 861 614 935 adde

499 1007 669 1087 sacellani
690 1009 872 1111 pullenti
926 1010 1128 1107 cincinnato
1147 1010 1387 1107 quadrnpintn
1508 1010 1559 1081 40

363 1158 479 1231 mixta
497 1179 583 1231 cum

498 1300 576 1379 illel
595 1301 682 1378 (litei
1190 1308 1292 1399 putta
1310 1326 1394 1375 una.

472 1449 672 1541 Liquorem
699 1448 880 1523 filtratum
910 1454 947 1523 et
971 1449 1229 1541 refrigeratum
1256 1448 1412 1522 immitte
1442 1448 1480 1520 in
1508 1447 1560 1520 la-

365 1597 500 1667 genam
519 1576 695 1648 idoneam
716 1582 753 1649 et
772 1577 844 1649 cito
863 1576 971 1668 injice

500 1716 613 1795 Natrii
632 1716 934 1818 lytroearbntet
954 1719 990 1795 in
1011 1718 1180 1796 frustulis

879 1871 1041 1945 praecoca
1060 1872 1170 1919 unum
1188 1856 1220 1921 ct
1237 1846 1439 1921 dimidium.
1501 1848 1561 1921 1·5

474 1996 626 2087 Lagena
646 1994 773 2067 statim
793 1994 992 2067 claudatur
1011 1995 1146 2068 subere
1167 2001 1204 2068 et
1222 1995 1425 2086 ligamento
1450 1998 1564 2065 antea

365 2122 621 2210 accomodata,
642 2143 687 2194 eo
704 2122 827 2211 modo,
850 2143 925 2215 quo
940 2122 1097 2214 lagenae
1119 2143 1205 2195 cum
1224 2121 1431 2215 liquoribus
1452 2120 1560 2193 effer-

365 2250 604 2325 vescentibus
618 2249 792 2345 impletae
813 2249 979 2323 obturari
998 2255 1035 2322 et
1052 2248 1158 2343 ligari
1179 2250 1311 2323 solent.

620 2752 795 2897 Pulpa
819 2751 1039 2861 Cassiae
1067 2752 1318 2862 llistulae.

367 3014 468 3108 Rpe:
503 3012 653 3090 luet-s
674 3010 992 3090 colinellatam
1047 3038 1079 3111 q.
1101 3040 1130 3087 e.

476 3160 604 3233 Exime
640 3160 797 3254 pulpam
834 3181 920 3233 cum
958 3158 1234 3253 dissepimentis
1269 3161 1495 3235 transversis
1530 3167 1567 3237 et

370 3288 576 3361 seminibus
597 3309 667 3381 ope
688 3288 872 3379 spatulae,
892 3287 974 3359 elue
995 3309 1081 3361 cum

504 3432 625 3531 lqne
644 3430 853 3509 destlllatae
871 3430 1020 3531 tepidae
1074 3457 1100 3505 c.
1123 3459 1155 3529 q.

477 3579 622 3672 Trajice
641 3601 709 3673 per
729 3579 893 3653 cribrum
914 3585 1115 3667 setaceum,
1136 3584 1173 3653 et
1191 3579 1357 3672 inspissa
1371 3580 1409 3652 in
1429 3581 1565 3653 balneo

368 3728 489 3800 aquae
518 3707 556 3779 in
576 3726 667 3778 vase
691 3708 928 3799 porcellaneo
956 3708 1003 3779 ad
1024 3707 1176 3779 extracti
1201 3708 1329 3799 liquidi
1355 3708 1564 3780 consisten-

368 3835 469 3923 tiam,
490 3834 577 3905 dein
594 3832 760 3906 admisce

503 3974 639 4077 Pulpae
696 3978 803 4051 crois
815 3978 985 4075 partibus

505 4120 672 4201 saeuum
693 4121 873 4224 pullenti
925 4130 1066 4219 pieriam
1086 4147 1194 4196 annm

369 4276 405 4345 et
425 4271 692 4364 evaporatione
718 4270 756 4343 in
785 4271 920 4343 balneo
951 4292 1072 4363 aquae
1101 4270 1270 4363 inspissa
1297 4269 1334 4343 in
1363 4270 1566 4363 legitimam

367 4400 504 4496 pulpae
524 4398 816 4472 consistentiam.

478 4544 534 4626 Sit
552 4544 679 4622 odou's
699 4544 837 4639 melliti,
859 4544 1007 4643 saporis
1033 4548 1136 4643 graie
1158 4542 1288 4621 dulcia.
