3600 5534
868 514 1107 594 ἡ·-118-4

384 733 514 828 glabra
543 744 606 811 aut
636 739 778 828 villosa,
810 740 1043 830 glandulosa,
1077 740 1203 813 odoris
1237 744 1342 831 grate
1381 736 1581 830 aromatici,

384 866 454 936 sub
475 871 642 958 tempore
662 867 918 940 florescentiae
949 866 1103 939 collecta
1132 873 1168 939 et
1197 868 1347 954 siccata,
1378 870 1582 960 quotannis

322 1054 327 1066 .
382 994 610 1066 renovanda.
1048 994 1050 997 ’

491 1121 596 1214 Aqua
616 1123 806 1193 aromatica
827 1124 1033 1216 spiritaosa.
1058 1123 1162 1217 Aqua
1181 1122 1423 1194 carminativa.
1446 1121 1581 1218 Species

383 1250 599 1322 aromaticae.

610 1751 760 1861 l'olia
784 1752 1041 1863 lllcuthao
1066 1755 1353 1897 piperitac.

401 2088 403 2092 .
491 2031 628 2103 Mcotlur
656 2031 810 2125 pararito
839 2031 970 2119 Lina,
1004 2032 1133 2123 planta
1161 2015 1336 2123 perennis
1360 2031 1503 2123 passim
1541 2030 1580 2101 in

382 2159 500 2231 hortis
521 2158 629 2231 culta.
650 2155 830 2230 Labiatoc.

491 2287 593 2358 Folia
620 2287 807 2379 petiolata
837 2287 975 2378 petiolo
1005 2293 1089 2360 octo
1123 2288 1172 2358 ad
1206 2287 1337 2359 decem
1370 2286 1580 2358 millimetra

381 2414 506 2503 longo
520 2415 879 2504 ovato-oblongavel
900 2414 1301 2504 oblongo-lanceolata,
1314 2419 1435 2500 acuta,
1447 2413 1530 2484 basi
1540 2413 1579 2483 in

381 2540 561 2632 petiolum
581 2545 785 2628 contracta,
814 2541 1061 2632 inaequaliter
1080 2548 1209 2632 argute
1228 2546 1384 2621 serrata,
1415 2561 1577 2632 superne

381 2673 548 2739 saturate
569 2668 711 2754 viridia,
733 2669 865 2740 subtus
882 2667 1088 2758 pallidiora,
1108 2669 1146 2740 in
1162 2675 1320 2760 utraque
1335 2675 1440 2760 parte
1452 2667 1579 2758 glabra

381 2795 438 2866 vel
456 2794 696 2867 solummodo
712 2797 759 2866 ad
774 2816 911 2868 nervos
927 2796 1181 2887 pubescentia,
1198 2796 1432 2886 glandulosa,
1454 2794 1578 2866 nervis

382 2922 613 2995 secundariis
630 2923 804 3011 arcuatis,
826 2923 952 2995 odoris
969 2923 1178 3012 fragrantis,
1198 2922 1396 2994 masticata
1415 2922 1578 3014 primum

382 3048 526 3137 caloris,
545 3050 630 3122 dein
646 3050 791 3141 frigoris
808 3072 963 3123 sensum
984 3050 1022 3121 in
1042 3073 1106 3122 ore
1122 3054 1158 3121 et
1176 3051 1346 3122 saucibus
1367 3049 1577 3136 excitantia,

383 3199 403 3248 e
430 3177 543 3269 stirpe
563 3177 781 3250 florescente
803 3179 988 3270 decerpta,
1010 3179 1187 3250 siccanda
1214 3199 1284 3250 nec
1312 3179 1408 3249 ultra
1437 3197 1578 3249 aunum

382 3303 580 3375 servanda.

490 3431 543 3503 Ne
563 3433 840 3504 confundantur
867 3433 964 3505 soliis
993 3433 1150 3505 aliarum
1170 3433 1342 3506 Mentbae
1368 3431 1578 3523 specierum

383 3559 482 3649 apud
500 3579 571 3630 uos
587 3558 848 3650 indigenarum
864 3566 929 3631 aut
944 3559 982 3632 in
993 3560 1111 3631 bortis
1128 3562 1310 3632 cultarum
1320 3561 1431 3650 longe
1442 3559 1578 3630 diversi

382 3686 508 3758 odoris
524 3692 560 3757 et
575 3685 732 3776 saporis,
749 3692 790 3757 ut
804 3686 901 3757 soliis
919 3687 1114 3759 sessilibus
1132 3694 1196 3759 aut
1212 3685 1492 3773 subsessilibus
1511 3707 1577 3757 no-

383 3814 542 3885 tabiliter
562 3813 656 3884 laete
675 3813 852 3885 viridibus
872 3813 1029 3885 Memlae
1047 3815 1175 3885 viridis
1201 3814 1368 3908 (Lina),
1397 3819 1462 3886 aut
1480 3813 1578 3886 foliis

381 3939 586 4028 sesuldus,
631 3940 774 4038 subtus¹
802 3940 971 4032 inprimis
1012 3941 1391 4013 albido-tomeutosis
1424 3940 1579 4013 Manliae

328 4161 329 4166 ἵ
382 4066 550 4140 silvestris
572 4065 735 4157 (Lina),
756 4072 821 4138 aut
834 4067 933 4139 soliis
949 4068 1136 4159 petiolatis
1152 4068 1333 4158 oblongis,
1349 4069 1387 4139 in
1397 4069 1578 4160 petiolum

381 4194 648 4281 desinentibus,
678 4216 793 4285 supra
826 4195 990 4266 medium
1024 4195 1185 4283 serratis
1218 4196 1393 4268 minutim
1431 4195 1577 4285 einans,

381 4324 513 4394 subtus
542 4321 627 4412 pilis
647 4321 891 4412 longiusculis
913 4323 1208 4409 canescentibus,
1232 4323 1460 4395 tenuioribus
1481 4321 1576 4395 Merc-

381 4449 456 4521 tlae
472 4449 610 4544 {aalaidis
632 4448 795 4540 (Lina).

489 4578 603 4670 Aqua.
617 4575 785 4670 Spiritus
799 4574 971 4672 Sarapias.
985 4577 1125 4648 stactam
1141 4584 1170 4648 at
1184 4576 1424 4649 Electae-tum
1439 4601 1576 4650 aroma-

381 4704 496 4775 ciaon.
