3600 5534
862 543 1103 615 -150—

498 758 678 831 Solutioni
697 758 855 833 filtratae
883 761 1030 853 tepidae
1061 758 1259 831 inducatur
1285 780 1352 850 gas
1382 758 1478 831 acidi
1512 759 1585 831 sul·

386 887 515 975 furosi,
550 886 650 978 quod
683 887 721 958 in
759 893 944 981 apparatu
979 887 1099 975 simili,
1135 888 1256 979 qualis
1290 887 1338 958 ad
1377 885 1586 977 parandam

388 1013 1035 1107 mmfflmfflmwfflm

522 1156 623 1233 lolli
644 1155 812 1235 sulfuricl
834 1156 1020 1260 buglicmi
1040 1182 1065 1228 a.
1086 1182 1118 1252 q.

388 1304 637 1378 calefaciendo
658 1327 743 1378 cum

523 1444 743 1525 bubonibus
765 1449 908 1527 raditur
926 1450 1019 1527 tusis

387 1593 539 1683 elicitur,
561 1596 680 1668 donec
705 1597 845 1669 reactio
879 1600 1006 1669 cessat
1031 1600 1068 1667 et
1100 1594 1222 1687 liquor
1256 1593 1362 1666 acido
1395 1594 1585 1667 sulfuroso

387 1726 580 1793 saturatus
600 1728 670 1794 est.
692 1724 857 1797 Miscella
875 1728 946 1795 stet
961 1744 1052 1795 vase
1067 1727 1164 1794 tecto
1180 1724 1218 1794 in
1232 1724 1314 1795 loco
1331 1722 1380 1794 ad
1398 1723 1418 1793 7
1423 1722 1581 1793 0-80ο

386 1847 579 1921 calefacto.
602 1848 712 1923 Horis
735 1851 876 1943 aliquot
891 1849 1041 1942 elapsis
1062 1850 1320 1942 praecipatum
1334 1848 1432 1921 filtro
1453 1847 1582 1920 collec-

386 1980 465 2045 tum
486 1996 585 2067 aqua
605 1975 791 2051 destillata
810 1978 948 2069 optime
970 1978 1051 2049 elue
1071 1983 1105 2049 et
1125 1977 1209 2049 loco
1230 1978 1390 2049 obscuro
1412 1978 1521 2049 sicca.

493 2102 620 2174 Pulvis
633 2105 879 2195 crystallinus
892 2104 1169 2192 subtilissimus,
1181 2104 1315 2177 coloris
1332 2102 1416 2191 albi,
1427 2103 1582 2175 reactio-

385 2228 443 2300 nis
470 2230 650 2317 neutrius,
683 2231 867 2304 solutione
903 2231 1011 2301 natrii
1038 2229 1307 2321 lrydrooxydati
1330 2230 1515 2321 nigrescit,
1546 2230 1583 2300 in

384 2354 475 2426 tubo
495 2358 712 2447 probatorio
730 2359 867 2449 ignitus
887 2379 933 2429 ex
952 2358 1094 2447 integro
1115 2358 1299 2445 sublimat,
1322 2380 1482 2449 vapores
1496 2358 1583 2428 ruli-

383 2480 441 2552 los
461 2502 508 2553 ue
529 2483 625 2556 edat.

494 2608 587 2680 Cum
609 2632 708 2702 aqua
732 2612 919 2683 destillata
949 2617 1152 2702 quassatus
1179 2612 1363 2703 liquorem
1391 2611 1582 2703 praebeat,

386 2736 448 2826 qui
486 2756 556 2807 nec
599 2759 698 2829 aqua
730 2736 1043 2828 hydrosulfurata,
1068 2760 1137 2811 uec
1171 2740 1286 2830 baryo
1327 2743 1392 2809 aut
1425 2744 1580 2827 argento

381 2862 512 2933 uitrico
532 2868 705 2935 mutetur.
1216 2848 1218 2852 ⁵

492 2990 667 3064 Servetur
685 3012 778 3063 vase
798 2992 869 3063 luci
889 2991 1081 3083 impervio.

379 3428 1055 3561 lisymacum-um
1107 3429 1581 3571 coloratum

879 3608 1083 3718 mile

648 3800 1018 3882 sublimatione
1032 3806 1304 3904 puratum.

886 3996 1074 4078 Calomel.

486 4192 612 4263 Massa
627 4193 854 4283 crystallina,
872 4194 1134 4265 sublimatione
1150 4193 1314 4279 obtenta,
1330 4192 1369 4263 in
1383 4193 1579 4285 pulverem

377 4319 662 4391 subtilissimum
681 4320 845 4407 redacta,
868 4321 1005 4413 optime
1027 4342 1124 4411 aqua
1142 4319 1329 4391 destillata
1345 4320 1488 4391 fervida
1503 4320 1579 4391 elu-

376 4452 469 4530 atur,
491 4447 576 4518 dein
600 4448 681 4517 loco
702 4447 863 4519 obscuro
885 4448 1055 4518 siccetur.

483 4575 610 4648 Pulvis
632 4573 913 4662 subtilissimus,
934 4574 1067 4647 flavide
1095 4575 1216 4663 albus
1244 4575 1280 4645 in
1303 4596 1413 4665 aqua,
1445 4574 1578 4664 spiritu

375 4700 447 4771 vini
469 4706 505 4771 et
529 4703 679 4774 aethere
698 4702 849 4793 penitus
870 4701 1089 4789 insolubilis,
1109 4700 1247 4791 ignitus
1268 4701 1453 4786 sublimat,
1484 4702 1576 4794 quin
