3600 5534
716 577 930 650 ..31„„

488 791 642 934 liqna
665 788 916 899 durantii
941 789 1152 907 ilerum.

659 983 780 1085 Aqua
797 981 982 1084 Napbae.

333 1139 389 1212 Sit
402 1139 558 1233 limpida
574 1142 631 1213 vel
648 1141 957 1233 submonemus,
978 1140 1112 1214 coloris
1127 1162 1271 1234 expers,
1291 1141 1417 1213 odoris

222 1268 355 1341 suavis
376 1268 511 1340 florum
531 1268 712 1356 Aurantii,
736 1269 885 1361 saporis
903 1267 1155 1343 amariusculi.

320 1393 502 1482 ¹Golab'na
549 1393 768 1490 Liquiritioe
813 1394 1003 1490 pellucido.
1062 1393 1171 1467 Portu
1226 1419 1417 1491 quurmosu.

224 1525 387 1619 Syrupus
411 1523 544 1620 Capilli
572 1523 717 1596 Veneria.

637 1846 790 1985 Aqua
815 1843 1005 1963 Caluia.

217 2033 321 2127 Rpe:
359 2030 467 2107 baldi
488 2029 633 2132 orydali
654 2037 820 2110 recenter
839 2032 911 2108 usti
951 2041 1150 2130 qrammata
1164 2041 1305 2108 cautum.
1341 2035 1415 2107 100

330 2161 544 2255 Consperge
565 2163 601 2234 in
622 2161 696 2234 olla
715 2161 815 2235 lietili
836 2183 923 2236 eum

357 2284 474 2388 lique
815 2289 985 2386 qrammis
1005 2287 1278 2385 quadrinqentia
1300 2274 1302 2277 ⁵
1335 2290 1414 2362 400

326 2413 418 2488 Post
437 2415 699 2490 extinctionem
719 2417 895 2509 agitando
916 2416 1082 2491 admisce

353 2539 475 2641 lique
705 2550 937 2640 qrammotum
958 2542 1107 2638 quinque
1124 2540 1249 2614 mittio.
1309 2545 1413 2617 5000

327 2670 489 2763 Aliquod
517 2670 620 2745 horis
645 2672 785 2764 elapsis
815 2677 964 2765 partem
993 2671 1172 2762 liquidam
1199 2670 1348 2744 effunde
1377 2679 1414 2744 et

213 2799 423 2872 sedimento
443 2798 570 2872 relicto
591 2799 754 2872 admisce

352 2923 474 3025 Aque
493 2921 702 3003 destillatae
733 2932 968 3021 qrurnmclmu-
988 2925 1139 3022 quinque
1152 2925 1275 2997 mittio.
1306 2927 1412 2999 5000

324 3051 488 3125 Miscella
508 3057 679 3126 servetur
693 3053 731 3125 in
750 3053 886 3145 lagena
902 3052 1021 3125 vitrea
1035 3052 1130 3126 bene
1146 3052 1286 3142 clausa,
1298 3052 1409 3127 inter·

215 3181 307 3253 dum
323 3180 511 3271 agitando,

324 3307 417 3382 Usui
450 3309 632 3402 liquorem
661 3309 858 3401 limpidum
891 3307 1066 3381 abstrahe
1092 3313 1138 3397 et,
1165 3306 1196 3380 sl
1221 3329 1318 3400 opus
1340 3314 1409 3396 cst,

218 3435 326 3509 filtra.

324 3563 379 3637 Sit
396 3563 561 3656 limpida,
589 3563 724 3638 coloris
751 3585 896 3657 expers,
921 3563 1120 3636 reactionis
1150 3564 1291 3638 fortiter
1311 3566 1408 3637 alca·

213 3691 322 3779 linae‚
342 3690 554 3764 ebullitione
575 3692 754 3765 turbetur.

550 4013 701 4153 Aqua
727 4013 1076 4123 carbolisotu.

214 4237 314 4330 Rpe:
350 4233 448 4313 loidi
469 4231 642 4312 catholici
664 4233 851 4337 liquefacti
878 4245 1074 4334 qrommolo
1093 4240 1235 4334 triqiulo
1255 4241 1325 4310 trio
1355 4241 1405 4313 33

213 4365 317 4438 solve
338 4365 375 4436 iu

350 4488 469 4591 Aquae
490 4487 699 4569 destinatae

535 4621 705 4717 qrammis
726 4623 901 4716 oonqentis
921 4623 1099 4716 scaoqbtto
1119 4628 1255 4715 septem.
1326 4621 1402 4693 067

319 4746 463 4840 Liquor
481 4747 529 4820 sit
548 4748 735 4842 limpidae
757 4749 906 4822 acidum
926 4748 1153 4821 corbolicum
1172 4747 1349 4822 redoleat.
