3600 5534
936 67 1099 150 PUBUC
1129 74 1319 165 [ΙΒΕᾹΠΥ.

882 179 1100 292 flabio.
1118 175 1176 286 li
1193 181 1380 302 “·Ῥ,ῥ-(ὲ,,

949 355 1153 446 DETizOd,
1188 364 1306 434 uerei.

715 581 931 653 „17-

223 800 502 891 nigricantibuS,
518 821 633 891 saepe
649 800 803 892 pulvere
818 799 1053 872 viridescenti
1064 798 1266 890 adspersis,
1283 799 1421 891 fragili-

222 929 294 1000 bus
319 927 611 1018 friabilibusque,
640 927 867 1000 infractura
893 927 1310 1018 granatam-conchatis,
1341 930 1422 1001 vitri

222 1053 342 1127 instar
370 1054 586 1143 nitentibus
612 1055 649 1127 in
683 1053 853 1128 frustulis
872 1053 1050 1126 tenuibus
1071 1053 1191 1141 elaris,
1216 1055 1422 1149 pellucidis

223 1183 424 1274 amorpbis,
459 1183 580 1255 colore
615 1182 835 1255 flavido-aut
870 1181 1192 1268 subrubro-fusco,
1229 1182 1422 1274 pulverem

223 1309 362 1380 flavum
408 1309 687 1401 praebentibus
736 1309 861 1382 odoris
914 1308 1112 1401 peculiaris
1160 1309 1422 1400 subnauseosi,

223 1434 370 1526 saporis
391 1435 587 1528 peramari.

331 1561 374 1635 In
395 1583 495 1654 aqua
513 1561 649 1652 frigida
666 1560 760 1635 Alo’e
781 1583 826 1634 ex
854 1565 960 1653 parte
980 1562 1151 1649 solvitur;
1178 1583 1264 1634 cum
1285 1563 1421 1653 duplici

223 1711 343 1782 aquae
354 1691 516 1763 fervidae
529 1689 734 1782 quantitate
745 1689 969 1763 solutionem
984 1691 1060 1762 fere
1071 1689 1273 1782 limpidam,
1286 1692 1421 1763 coloris

221 1819 314 1892 fusci
343 1819 507 1911 praebet,
536 1838 631 1910 quae
651 1817 868 1908 refrigerata
889 1817 1102 1890 substantia
1125 1818 1296 1889 resinosa
1322 1839 1421 1891 sece-

222 1946 332 2018 dente
358 1946 537 2018 turbatur.
567 1944 661 2018 Cum
683 1945 815 2036 spiritu
831 1944 905 2017 vini
925 1950 1165 2017 concentrato
1185 1945 1321 2018 solutio
1340 1967 1421 2038 per·

221 2075 315 2146 fecte
343 2073 497 2165 limpida
529 2073 654 2161 oritur,
689 2094 785 2163 quae
817 2073 877 2145 vel
903 2094 976 2164 ope
996 2072 1131 2145 caloris
1160 2073 1303 2161 effecta,
1337 2077 1422 2164 post

221 2200 536 2290 refrigerationem
555 2221 634 2271 non
655 2200 833 2272 turbatur.
852 2198 1052 2272 Aetherem
1072 2199 1308 2271 ebullientem
1328 2201 1419 2272 Aloe

221 2326 458 2400 solummodo
478 2326 665 2400 levissime
685 2329 959 2416 flavescentem,
989 2326 1293 2400 chloroformium
1317 2327 1420 2399 nullo

221 2453 334 2526 modo
355 2454 509 2526 colorat.

329 2580 681 2654 detractandam
694 2580 893 2677 pilularum
905 2577 1020 2673 roffi.
1042 2578 1181 2652 Piluloe
1199 2580 1364 2653 luxantes.

707 2775 946 2885 flumen.

330 2963 502 3056 Crystalli
522 2961 764 3052 octaedricae‚
782 2963 985 3050 decolores,
1005 2962 1043 3035 in
1063 2971 1149 3036 aere
1164 2984 1299 3055 parum
1313 2963 1416 3036 fatis-

220 3099 360 3181 centes
380 3093 529 3186 saporis
551 3091 689 3185 stiptici
709 3091 918 3178 subdulciS,
937 3091 1140 3163 reactionis
1161 3091 1300 3163 acidae.
1333 3092 1413 3165 Sol-

219 3226 358 3296 vuntur
384 3220 420 3293 in
441 3221 568 3292 decern
589 3218 733 3291 circiter
752 3217 922 3311 partibus
942 3238 1064 3308 aquae
1084 3216 1250 3308 frigidae,
1270 3218 1415 3291 facilius

220 3353 257 3423 in
278 3370 378 3441 aqua
397 3346 548 3420 fervida.
589 3345 799 3419 Calefactae
826 3365 965 3436 aquam
995 3344 1166 3417 emittunt
1186 3350 1222 3415 et
1242 3365 1413 3418 massam

220 3480 344 3551 albam
362 3475 610 3568 spongiosam
625 3473 850 3565 relinquunt,
870 3472 1008 3563 ignitae
1030 3472 1178 3558 acidum
1198 3472 1415 3545 sulfuricum

220 3605 408 3678 emittunt.
443 3602 485 3676 ln
511 3601 624 3673 limbo
650 3600 826 3672 flammae
849 3619 986 3693 parum
1005 3599 1182 3690 fulgentis
1203 3600 1415 3689 calefactae,

221 3732 321 3805 huno
340 3731 508 3804 violaceo
529 3730 652 3802 colore
673 3727 852 3802 inliciunt.

326 3859 465 3950 Liquor
483 3857 567 3930 kalii
586 3856 858 3948 hydrooxydati
879 3856 918 3929 in
942 3854 1131 3929 solutione
1157 3876 1302 3948 aquosa
1322 3855 1411 3928 Alu-

220 3985 333 4058 minis
354 3984 605 4057 sedimentum
625 3983 766 4072 album,
788 3983 1039 4074 gelatinosum
1059 3981 1182 4071 efficit,
1199 3982 1301 4075 quod
1317 3983 1414 4055 kalio

219 4112 501 4204 hydrooxydato
521 4111 721 4184 excedente
750 4109 924 4197 solvitur;
949 4109 1072 4202 liquor
1091 4110 1330 4196 ammoniam,
1356 4112 1413 4183 vel

224 4241 434 4328 calefactus,
450 4262 497 4314 ne
512 4239 690 4328 redoleat,
710 4260 834 4331 neque
850 4261 951 4330 aqua
965 4237 1272 4331 hydrosulfurala
1287 4239 1414 4312 addita

217 4373 430 4463 turbetur„
894 4381 901 4392 ·

327 4497 470 4571 Solutio
518 4519 669 4591 quoque
709 4519 858 4591 aquosa
891 4518 992 4588 aqua
1023 4495 1333 4588 hydrosulfurata
1347 4516 1410 4567 ne-

218 4627 397 4699 turbetur.

323 4751 511 4825 Dococlum
530 4750 792 4847 Sarsapartllue
811 4750 1038 4846 compositum
1053 4751 1194 4844 fortius.

325 4889 518 4944 Pharmneopoea.
1195 4889 1213 4940 2
