3600 5534
860 530 1096 601 -aloff

378 774 506 843 norem
540 772 708 822 annnurn
737 749 874 841 pe1·dit;
903 749 1026 839 liquor
1055 746 1214 820 liltratus
1248 745 1345 818 kalio
1387 743 1575 817 elrrornico

379 880 504 951 allilito
526 900 572 949 ne
594 878 772 949 turbetur.

488 1006 661 1076 Servetur
680 1004 717 1075 in
736 1004 830 1075 vitro
850 1003 923 1076 luci
942 1002 1132 1094 impertio.

494 1130 678 1203 Trocbisoi.

777 1378 919 1520 Sapo
953 1378 1186 1487 belinus,

489 1606 587 1696 Sapo
616 1604 771 1691 venaliS,
802 1604 971 1677 coctione
999 1603 1085 1675 kalii
1114 1600 1389 1693 hydrooxyclati
1409 1600 1522 1672 soluti
1542 1605 1579 1673 et

379 1732 450 1804 olei
479 1730 626 1823 pinguis
645 1736 811 1823 paratus‘,
841 1732 992 1803 exhibet
1010 1752 1179 1803 massam
1207 1729 1360 1801 mollem
1383 1728 1577 1819 lubricam,

380 1859 515 1931 coloris
536 1858 685 1930 sordide
705 1858 809 1947 fusci,
830 1858 956 1931 odoris
975 1858 1172 1949 peculiaris
1192 1857 1335 1949 ingrati.

487 1984 573 2057 A'eri
593 1987 785 2077 expositus
805 2006 882 2057 non
904 1986 1081 2072 cereseio
1111 1985 1150 2056 in
1175 2006 1276 2075 aqua
1295 1988 1331 2056 et
1351 1983 1483 2075 spiritu
1502 1982 1577 2055 vini

379 2113 483 2185 l'acile
504 2113 680 2202 solvatur,
706 2113 789 2185 oleo
808 2112 912 2185 nullo
933 2112 1140 2185 secedente.

489 2238 650 2335 Spiritus
669 2240 821 2335 Saponis
841 2238 965 2310 leont
993 2238 1211 2335 Unquenlcun
1230 2240 1459 2331 sulfuratum.

724 2560 864 2702 Sapo
891 2560 1240 2669 medicinalis.

398 2788 486 2877 loe:
516 2780 628 2885 latin
647 2782 911 2884 hydrunt-ti
931 2783 1044 2861 soluti
1064 2808 1100 2885 p.
1122 2807 1178 2883 sp.
1200 2782 1275 2861 1⁰35

921 2918 1124 3008 qrurnmuta
1143 2918 1276 2982 erectum
1501 2914 1576 2984 100

382 3039 569 3111 calefactis
590 3041 729 3111 sensim
750 3040 913 3112 admisce
932 3042 1027 3111 inter
1048 3042 1262 3113 continuam
1281 3040 1519 3130 agitationem

517 3164 697 3268 lanugine
717 3164 820 3243 Porci
840 3166 1009 3262 roeo-cn,
1031 3165 1103 3243 leni
1124 3166 1248 3242 oalora
1268 3164 1428 3266 liquatae

921 3302 1122 3392 qrornmatu
1141 3294 1299 3367 ducente.
1498 3292 1576 3366 200

491 3422 664 3494 Mixtione
692 3428 843 3521 peracta
875 3424 915 3495 in
950 3423 1085 3495 balneo
1124 3442 1243 3513 aquae
1282 3427 1382 3494 stent
1418 3422 1575 3494 subinde

383 3549 567 3639 {igilando
589 3550 706 3621 donec
727 3551 889 3641 axungia
907 3552 1056 3644 penitus
1077 3550 1308 3640 disparuerit.

489 3676 616 3747 Massa
643 3658 919 3766 refrigeratione
947 3678 1119 3748 indurata
1144 3677 1183 3747 in
1211 3677 1360 3749 tabulas
1390 3676 1509 3747 scissa
1538 3676 1575 3747 in

381 3803 463 3874 loeo
484 3809 688 3894 temperato
709 3805 877 3876 siccetur.

492 3932 546 4003 Sit
565 3931 683 4019 albuS,
704 3934 828 4019 durus
850 3932 995 4023 saporis
1015 3932 1113 4004 mitis
1133 3932 1291 4019 alcelmi,
1317 3952 1394 4003 non
1414 3931 1575 4019 caustici‚

380 4058 416 4128 in
438 4080 537 4148 aqua
556 4062 592 4129 et
611 4058 743 4149 spiritu
763 4058 834 4130 vini
854 4059 966 4151 plane
986 4058 1167 4131 solubilis.

491 4185 687 4277 Saponem,
715 4187 779 4277 qui
808 4188 1114 4258 etlloreseentiarn
1136 4186 1385 4274 crystallinam
1415 4186 1575 4258 enatrio

382 4312 579 4383 carbonieo
592 4314 992 4387 constanternexhibet.
1004 4312 1342 4403 nondumperfecte
1355 4312 1575 4403 depuratum

382 4445 419 4512 et
437 4440 615 4513 siccatum
636 4464 803 4533 censeas.
824 4442 948 4513 Pulvis
969 4439 1204 4532 crystallinus
1230 4440 1439 4512 adhaerens
1461 4440 1575 4512 deter-

383 4568 504 4657 gendo
525 4574 768 4641 removeatur.

492 4694 631 4770 I'i'uluc
650 4696 814 4767 lurcones.
