<?xml version="1.0" encoding="UTF-8"?>
<!DOCTYPE html PUBLIC "-//W3C//DTD XHTML 1.0 Transitional//EN"
    "http://www.w3.org/TR/xhtml1/DTD/xhtml1-transitional.dtd">
<html xmlns="http://www.w3.org/1999/xhtml" xml:lang="en" lang="en">
 <head>
  <title>
</title>
<meta http-equiv="Content-Type" content="text/html;charset=utf-8" />
  <meta name='ocr-system' content='tesseract 3.04.00' />
  <meta name='ocr-capabilities' content='ocr_page ocr_carea ocr_par ocr_line ocrx_word'/>
</head>
<body>
  <div class='ocr_page' id='page_1' title='image "./pharmacopoeaaus01unkngoog_0102.png"; bbox 0 0 3600 5534; ppageno 0'>
   <div class='ocr_carea' id='block_1_1' title="bbox 802 535 1018 608">
    <p class='ocr_par' dir='ltr' id='par_1_1' title="bbox 802 535 1018 608">
     <span class='ocr_line' id='line_1_1' title="bbox 802 535 1018 608; baseline -0.005 -20"><span class='ocrx_word' id='word_1_1' title='bbox 802 535 1018 608; x_wconf 65' lang='lat'>..74-</span> 
     </span>
    </p>
   </div>
   <div class='ocr_carea' id='block_1_2' title="bbox 312 752 1510 1615">
    <p class='ocr_par' dir='ltr' id='par_1_2' title="bbox 312 752 1510 1338">
     <span class='ocr_line' id='line_1_2' title="bbox 422 752 1506 845; baseline -0.001 -20"><span class='ocrx_word' id='word_1_2' title='bbox 422 753 523 825; x_wconf 87' lang='lat' dir='ltr'>Merx</span> <span class='ocrx_word' id='word_1_3' title='bbox 558 758 703 827; x_wconf 88' lang='lat' dir='ltr'>constat</span> <span class='ocrx_word' id='word_1_4' title='bbox 732 775 751 826; x_wconf 92' lang='lat' dir='ltr'>e</span> <span class='ocrx_word' id='word_1_5' title='bbox 781 753 1019 845; x_wconf 75' lang='lat' dir='ltr'>stigmatibus</span> <span class='ocrx_word' id='word_1_6' title='bbox 1049 752 1208 844; x_wconf 91' lang='lat' dir='ltr'>singulis</span> <span class='ocrx_word' id='word_1_7' title='bbox 1237 752 1412 826; x_wconf 82' lang='lat' dir='ltr'>defractis</span> <span class='ocrx_word' id='word_1_8' title='bbox 1442 757 1506 826; x_wconf 87' lang='lat' dir='ltr'>ant</span> 
     </span>
     <span class='ocr_line' id='line_1_3' title="bbox 314 879 1509 974; baseline -0.003 -21"><span class='ocrx_word' id='word_1_9' title='bbox 314 880 437 953; x_wconf 89' lang='lat' dir='ltr'>adbuc</span> <span class='ocrx_word' id='word_1_10' title='bbox 469 880 651 974; x_wconf 83' lang='lat' dir='ltr'>particula</span> <span class='ocrx_word' id='word_1_11' title='bbox 684 881 769 973; x_wconf 81' lang='lat' dir='ltr'><strong>styli</strong></span> <span class='ocrx_word' id='word_1_12' title='bbox 802 881 888 952; x_wconf 86' lang='lat' dir='ltr'>ssavi</span> <span class='ocrx_word' id='word_1_13' title='bbox 923 880 1140 972; x_wconf 74' lang='lat' dir='ltr'>conjunctis</span> <span class='ocrx_word' id='word_1_14' title='bbox 1176 901 1351 955; x_wconf 84' lang='lat' dir='ltr'>acervum</span> <span class='ocrx_word' id='word_1_15' title='bbox 1387 879 1509 953; x_wconf 88' lang='lat' dir='ltr'>levem</span> 
     </span>
     <span class='ocr_line' id='line_1_4' title="bbox 312 1005 1506 1100; baseline -0.002 -21"><span class='ocrx_word' id='word_1_16' title='bbox 312 1006 514 1100; x_wconf 84' lang='lat' dir='ltr'>laxumque</span> <span class='ocrx_word' id='word_1_17' title='bbox 531 1008 852 1081; x_wconf 72' lang='lat' dir='ltr'>constituentibus.</span> <span class='ocrx_word' id='word_1_18' title='bbox 869 1007 922 1079; x_wconf 93' lang='lat' dir='ltr'>Ne</span> <span class='ocrx_word' id='word_1_19' title='bbox 939 1008 988 1079; x_wconf 90' lang='lat' dir='ltr'>sit</span> <span class='ocrx_word' id='word_1_20' title='bbox 1002 1007 1196 1099; x_wconf 83' lang='lat' dir='ltr'>inquinata</span> <span class='ocrx_word' id='word_1_21' title='bbox 1209 1007 1365 1080; x_wconf 90' lang='lat' dir='ltr'>floribus</span> <span class='ocrx_word' id='word_1_22' title='bbox 1386 1005 1506 1078; x_wconf 77' lang='lat' dir='ltr'>Colen-</span> 
     </span>
     <span class='ocr_line' id='line_1_5' title="bbox 316 1133 1510 1227; baseline 0.001 -22"><span class='ocrx_word' id='word_1_23' title='bbox 316 1134 428 1223; x_wconf 82' lang='lat' dir='ltr'>duloc,</span> <span class='ocrx_word' id='word_1_24' title='bbox 454 1133 637 1206; x_wconf 72' lang='lat' dir='ltr'>dardane</span> <span class='ocrx_word' id='word_1_25' title='bbox 657 1139 722 1207; x_wconf 86' lang='lat' dir='ltr'>aut</span> <span class='ocrx_word' id='word_1_26' title='bbox 742 1135 824 1207; x_wconf 89' lang='lat' dir='ltr'>aliis</span> <span class='ocrx_word' id='word_1_27' title='bbox 842 1134 1012 1227; x_wconf 90' lang='lat' dir='ltr'>partibus</span> <span class='ocrx_word' id='word_1_28' title='bbox 1032 1133 1312 1227; x_wconf 80' lang='lat' dir='ltr'>vegetabilibus.</span> <span class='ocrx_word' id='word_1_29' title='bbox 1333 1134 1510 1208; x_wconf 84' lang='lat' dir='ltr'>Servetur</span> 
     </span>
     <span class='ocr_line' id='line_1_6' title="bbox 315 1264 755 1338; baseline 0 -1"><span class='ocrx_word' id='word_1_30' title='bbox 315 1264 456 1337; x_wconf 84' lang='lat' dir='ltr'>Crocus</span> <span class='ocrx_word' id='word_1_31' title='bbox 477 1265 559 1337; x_wconf 89' lang='lat' dir='ltr'>luce</span> <span class='ocrx_word' id='word_1_32' title='bbox 578 1271 755 1338; x_wconf 87' lang='lat' dir='ltr'>remotus.</span> 
     </span>
    </p>

    <p class='ocr_par' dir='ltr' id='par_1_3' title="bbox 312 1389 1506 1615">
     <span class='ocr_line' id='line_1_7' title="bbox 424 1389 1506 1487; baseline -0.002 -24"><span class='ocrx_word' id='word_1_33' title='bbox 424 1390 614 1487; x_wconf 80' lang='lat' dir='ltr'>Collyrium</span> <span class='ocrx_word' id='word_1_34' title='bbox 629 1390 846 1487; x_wconf 66' lang='lat' dir='ltr'>adstringens</span> <span class='ocrx_word' id='word_1_35' title='bbox 859 1391 998 1463; x_wconf 71' lang='lat' dir='ltr'>tument.</span> <span class='ocrx_word' id='word_1_36' title='bbox 1019 1389 1262 1486; x_wconf 78' lang='lat' dir='ltr'>Emplastrum</span> <span class='ocrx_word' id='word_1_37' title='bbox 1277 1413 1506 1487; x_wconf 73' lang='lat' dir='ltr'>ocyoroccum.</span> 
     </span>
     <span class='ocr_line' id='line_1_8' title="bbox 312 1517 1245 1615; baseline -0.002 -25"><span class='ocrx_word' id='word_1_38' title='bbox 312 1517 432 1590; x_wconf 83' lang='lat' dir='ltr'>Massa</span> <span class='ocrx_word' id='word_1_39' title='bbox 446 1517 646 1612; x_wconf 78' lang='lat' dir='ltr'>pilularum</span> <span class='ocrx_word' id='word_1_40' title='bbox 665 1517 778 1615; x_wconf 81' lang='lat' dir='ltr'>Ruffc&#39;.</span> <span class='ocrx_word' id='word_1_41' title='bbox 805 1517 971 1591; x_wconf 69' lang='lat' dir='ltr'>tinctura</span> <span class='ocrx_word' id='word_1_42' title='bbox 995 1517 1081 1613; x_wconf 79' lang='lat' dir='ltr'>Opic&#39;</span> <span class='ocrx_word' id='word_1_43' title='bbox 1099 1524 1245 1590; x_wconf 79' lang='lat' dir='ltr'>crocata.</span> 
     </span>
    </p>
   </div>
   <div class='ocr_carea' id='block_1_3' title="bbox 446 1843 1380 1984">
    <p class='ocr_par' dir='ltr' id='par_1_4' title="bbox 446 1843 1380 2007">
     <span class='ocr_line' id='line_1_9' title="bbox 446 1843 1380 1984; baseline -0.002 -30"><span class='ocrx_word' id='word_1_44' title='bbox 446 1845 813 1980; x_wconf 63' lang='lat' dir='ltr'>Cosmum</span> <span class='ocrx_word' id='word_1_45' title='bbox 850 1843 1380 1984; x_wconf 60' lang='lat' dir='ltr'>salamonem.</span> 
     </span>
    </p>
   </div>
   <div class='ocr_carea' id='block_1_4' title="bbox 314 2046 1510 3413">
    <p class='ocr_par' dir='ltr' id='par_1_5' title="bbox 318 2046 1506 2265">
     <span class='ocr_line' id='line_1_10' title="bbox 425 2046 1506 2140; baseline -0.003 -20"><span class='ocrx_word' id='word_1_46' title='bbox 425 2046 595 2138; x_wconf 87' lang='lat' dir='ltr'>Crystalli</span> <span class='ocrx_word' id='word_1_47' title='bbox 615 2046 820 2134; x_wconf 87' lang='lat' dir='ltr'>caeruleae,</span> <span class='ocrx_word' id='word_1_48' title='bbox 837 2047 1056 2140; x_wconf 88' lang='lat' dir='ltr'>pellucidae,</span> <span class='ocrx_word' id='word_1_49' title='bbox 1078 2054 1161 2119; x_wconf 79' lang='lat' dir='ltr'>edre</span> <span class='ocrx_word' id='word_1_50' title='bbox 1180 2066 1314 2139; x_wconf 83' lang='lat' dir='ltr'>pamm</span> <span class='ocrx_word' id='word_1_51' title='bbox 1332 2046 1506 2118; x_wconf 86' lang='lat' dir='ltr'>fatiscen-</span> 
     </span>
     <span class='ocr_line' id='line_1_11' title="bbox 318 2173 901 2265; baseline 0 -19"><span class='ocrx_word' id='word_1_52' title='bbox 318 2179 385 2260; x_wconf 75' lang='lat' dir='ltr'>tes</span> <span class='ocrx_word' id='word_1_53' title='bbox 406 2173 445 2246; x_wconf 92' lang='lat' dir='ltr'>in</span> <span class='ocrx_word' id='word_1_54' title='bbox 465 2195 563 2265; x_wconf 86' lang='lat' dir='ltr'>aqua</span> <span class='ocrx_word' id='word_1_55' title='bbox 582 2174 688 2246; x_wconf 86' lang='lat' dir='ltr'>facile</span> <span class='ocrx_word' id='word_1_56' title='bbox 709 2173 901 2247; x_wconf 86' lang='lat' dir='ltr'>solubiles.</span> 
     </span>
    </p>

    <p class='ocr_par' dir='ltr' id='par_1_6' title="bbox 314 2301 1510 2902">
     <span class='ocr_line' id='line_1_12' title="bbox 423 2301 1508 2394; baseline -0.001 -22"><span class='ocrx_word' id='word_1_57' title='bbox 423 2301 565 2373; x_wconf 86' lang='lat' dir='ltr'>Solutio</span> <span class='ocrx_word' id='word_1_58' title='bbox 596 2323 740 2394; x_wconf 87' lang='lat' dir='ltr'>aquosa</span> <span class='ocrx_word' id='word_1_59' title='bbox 768 2303 885 2393; x_wconf 88' lang='lat' dir='ltr'>baryo</span> <span class='ocrx_word' id='word_1_60' title='bbox 914 2302 1044 2375; x_wconf 83' lang='lat' dir='ltr'>uitrico</span> <span class='ocrx_word' id='word_1_61' title='bbox 1077 2302 1222 2393; x_wconf 79' lang='lat' dir='ltr'>adJ&#39;ecto</span> <span class='ocrx_word' id='word_1_62' title='bbox 1257 2301 1508 2373; x_wconf 90' lang='lat' dir='ltr'>sedimentum</span> 
     </span>
     <span class='ocr_line' id='line_1_13' title="bbox 317 2426 1510 2515; baseline -0.003 -15"><span class='ocrx_word' id='word_1_63' title='bbox 317 2428 477 2500; x_wconf 85' lang='lat' dir='ltr'>demittit</span> <span class='ocrx_word' id='word_1_64' title='bbox 492 2429 627 2515; x_wconf 84' lang='lat' dir='ltr'>album,</span> <span class='ocrx_word' id='word_1_65' title='bbox 643 2430 681 2500; x_wconf 91' lang='lat' dir='ltr'>in</span> <span class='ocrx_word' id='word_1_66' title='bbox 697 2430 813 2501; x_wconf 88' lang='lat' dir='ltr'>acidis</span> <span class='ocrx_word' id='word_1_67' title='bbox 824 2429 1039 2515; x_wconf 91' lang='lat' dir='ltr'>insolubile;</span> <span class='ocrx_word' id='word_1_68' title='bbox 1056 2428 1247 2502; x_wconf 87' lang='lat' dir='ltr'>ammonia</span> <span class='ocrx_word' id='word_1_69' title='bbox 1261 2433 1367 2501; x_wconf 87' lang='lat' dir='ltr'>caute</span> <span class='ocrx_word' id='word_1_70' title='bbox 1381 2426 1510 2498; x_wconf 85' lang='lat' dir='ltr'>addita</span> 
     </span>
     <span class='ocr_line' id='line_1_14' title="bbox 314 2555 1506 2648; baseline -0.003 -20"><span class='ocrx_word' id='word_1_71' title='bbox 314 2556 597 2648; x_wconf 88' lang='lat' dir='ltr'>praecipitatum</span> <span class='ocrx_word' id='word_1_72' title='bbox 617 2555 751 2629; x_wconf 89' lang='lat' dir='ltr'>coloris</span> <span class='ocrx_word' id='word_1_73' title='bbox 774 2556 1006 2629; x_wconf 83' lang='lat' dir='ltr'>subcaerulei</span> <span class='ocrx_word' id='word_1_74' title='bbox 1027 2556 1226 2644; x_wconf 85' lang='lat' dir='ltr'>enascitur,</span> <span class='ocrx_word' id='word_1_75' title='bbox 1256 2555 1357 2648; x_wconf 91' lang='lat' dir='ltr'>quod</span> <span class='ocrx_word' id='word_1_76' title='bbox 1377 2575 1506 2646; x_wconf 90' lang='lat' dir='ltr'>snper-</span> 
     </span>
     <span class='ocr_line' id='line_1_15' title="bbox 316 2683 1507 2777; baseline -0.002 -22"><span class='ocrx_word' id='word_1_77' title='bbox 316 2683 531 2755; x_wconf 87' lang='lat' dir='ltr'>abnndante</span> <span class='ocrx_word' id='word_1_78' title='bbox 546 2685 736 2757; x_wconf 90' lang='lat' dir='ltr'>ammonia</span> <span class='ocrx_word' id='word_1_79' title='bbox 751 2684 789 2757; x_wconf 89' lang='lat' dir='ltr'>in</span> <span class='ocrx_word' id='word_1_80' title='bbox 804 2683 987 2777; x_wconf 89' lang='lat' dir='ltr'>liquorem</span> <span class='ocrx_word' id='word_1_81' title='bbox 1003 2684 1199 2777; x_wconf 89' lang='lat' dir='ltr'>limpidum</span> <span class='ocrx_word' id='word_1_82' title='bbox 1210 2684 1344 2756; x_wconf 90' lang='lat' dir='ltr'>coloris</span> <span class='ocrx_word' id='word_1_83' title='bbox 1359 2683 1507 2755; x_wconf 87' lang='lat' dir='ltr'>intense</span> 
     </span>
     <span class='ocr_line' id='line_1_16' title="bbox 315 2809 736 2902; baseline 0.005 -20"><span class='ocrx_word' id='word_1_84' title='bbox 315 2809 475 2883; x_wconf 89' lang='lat' dir='ltr'>caerluei</span> <span class='ocrx_word' id='word_1_85' title='bbox 494 2817 681 2902; x_wconf 87' lang='lat' dir='ltr'>permutat</span> <span class='ocrx_word' id='word_1_86' title='bbox 729 2869 736 2884; x_wconf 96' lang='lat'>.</span> 
     </span>
    </p>

    <p class='ocr_par' dir='ltr' id='par_1_7' title="bbox 315 2937 1506 3413">
     <span class='ocr_line' id='line_1_17' title="bbox 426 2937 1505 3032; baseline 0 -23"><span class='ocrx_word' id='word_1_87' title='bbox 426 2937 567 3011; x_wconf 92' lang='lat' dir='ltr'>Solutio</span> <span class='ocrx_word' id='word_1_88' title='bbox 579 2961 733 3032; x_wconf 89' lang='lat' dir='ltr'>aquosa,</span> <span class='ocrx_word' id='word_1_89' title='bbox 753 2939 861 3011; x_wconf 86' lang='lat' dir='ltr'>acido</span> <span class='ocrx_word' id='word_1_90' title='bbox 877 2939 1158 3030; x_wconf 85' lang='lat' dir='ltr'>hydrocblorico</span> <span class='ocrx_word' id='word_1_91' title='bbox 1170 2940 1300 3012; x_wconf 88' lang='lat' dir='ltr'>leviter</span> <span class='ocrx_word' id='word_1_92' title='bbox 1310 2938 1505 3023; x_wconf 75' lang='lat' dir='ltr'>addulam,</span> 
     </span>
     <span class='ocr_line' id='line_1_18' title="bbox 316 3065 1506 3164; baseline 0 -27"><span class='ocrx_word' id='word_1_93' title='bbox 316 3086 414 3158; x_wconf 87' lang='lat' dir='ltr'>aqua</span> <span class='ocrx_word' id='word_1_94' title='bbox 432 3065 737 3164; x_wconf 84' lang='lat' dir='ltr'>hydrosnlt&#39;urata</span> <span class='ocrx_word' id='word_1_95' title='bbox 755 3066 960 3138; x_wconf 79' lang='lat' dir='ltr'>abundanti</span> <span class='ocrx_word' id='word_1_96' title='bbox 980 3066 1107 3139; x_wconf 87' lang='lat' dir='ltr'>addita</span> <span class='ocrx_word' id='word_1_97' title='bbox 1119 3067 1369 3139; x_wconf 87' lang='lat' dir='ltr'>sedimentum</span> <span class='ocrx_word' id='word_1_98' title='bbox 1386 3065 1506 3137; x_wconf 86' lang='lat' dir='ltr'>fusco-</span> 
     </span>
     <span class='ocr_line' id='line_1_19' title="bbox 315 3192 1505 3285; baseline -0.002 -20"><span class='ocrx_word' id='word_1_99' title='bbox 315 3194 461 3285; x_wconf 86' lang='lat' dir='ltr'>nigrum</span> <span class='ocrx_word' id='word_1_100' title='bbox 482 3193 602 3280; x_wconf 84' lang='lat' dir='ltr'>efficit,</span> <span class='ocrx_word' id='word_1_101' title='bbox 621 3192 744 3285; x_wconf 89' lang='lat' dir='ltr'>liquor</span> <span class='ocrx_word' id='word_1_102' title='bbox 764 3193 901 3266; x_wconf 90' lang='lat' dir='ltr'>abhoc</span> <span class='ocrx_word' id='word_1_103' title='bbox 921 3193 1079 3266; x_wconf 87' lang='lat' dir='ltr'>filtratus</span> <span class='ocrx_word' id='word_1_104' title='bbox 1110 3194 1158 3265; x_wconf 89' lang='lat' dir='ltr'>sit</span> <span class='ocrx_word' id='word_1_105' title='bbox 1184 3193 1333 3266; x_wconf 90' lang='lat' dir='ltr'>decolor</span> <span class='ocrx_word' id='word_1_106' title='bbox 1361 3199 1398 3268; x_wconf 91' lang='lat' dir='ltr'>et</span> <span class='ocrx_word' id='word_1_107' title='bbox 1422 3213 1505 3265; x_wconf 88' lang='lat' dir='ltr'>eva·</span> 
     </span>
     <span class='ocr_line' id='line_1_20' title="bbox 315 3320 959 3413; baseline 0.002 -21"><span class='ocrx_word' id='word_1_108' title='bbox 315 3325 467 3413; x_wconf 86' lang='lat' dir='ltr'>poratus</span> <span class='ocrx_word' id='word_1_109' title='bbox 486 3320 678 3392; x_wconf 89' lang='lat' dir='ltr'>residuum</span> <span class='ocrx_word' id='word_1_110' title='bbox 697 3340 744 3392; x_wconf 91' lang='lat' dir='ltr'>ne</span> <span class='ocrx_word' id='word_1_111' title='bbox 763 3321 959 3413; x_wconf 85' lang='lat' dir='ltr'>relinquat.</span> 
     </span>
    </p>
   </div>
   <div class='ocr_carea' id='block_1_5' title="bbox 794 3603 1037 3722">
    <p class='ocr_par' dir='ltr' id='par_1_8' title="bbox 794 3603 1037 3722">
     <span class='ocr_line' id='line_1_21' title="bbox 794 3603 1037 3722; baseline 0.041 -11"><span class='ocrx_word' id='word_1_112' title='bbox 794 3603 1037 3722; x_wconf 82' lang='lat' dir='ltr'>llceoctu.</span> 
     </span>
    </p>
   </div>
   <div class='ocr_carea' id='block_1_6' title="bbox 315 3809 1511 4796">
    <p class='ocr_par' dir='ltr' id='par_1_9' title="bbox 315 3809 1509 4157">
     <span class='ocr_line' id='line_1_22' title="bbox 426 3809 1506 3905; baseline 0.001 -22"><span class='ocrx_word' id='word_1_113' title='bbox 426 3809 570 3899; x_wconf 91' lang='lat' dir='ltr'>Quodsi</span> <span class='ocrx_word' id='word_1_114' title='bbox 590 3811 627 3884; x_wconf 91' lang='lat' dir='ltr'>in</span> <span class='ocrx_word' id='word_1_115' title='bbox 647 3811 824 3904; x_wconf 87' lang='lat' dir='ltr'>parandis</span> <span class='ocrx_word' id='word_1_116' title='bbox 845 3811 1009 3886; x_wconf 90' lang='lat' dir='ltr'>decoctis</span> <span class='ocrx_word' id='word_1_117' title='bbox 1034 3814 1222 3905; x_wconf 88' lang='lat' dir='ltr'>quantitas</span> <span class='ocrx_word' id='word_1_118' title='bbox 1248 3812 1506 3888; x_wconf 86' lang='lat' dir='ltr'>medicaminis</span> 
     </span>
     <span class='ocr_line' id='line_1_23' title="bbox 318 3938 1509 4034; baseline 0.003 -24"><span class='ocrx_word' id='word_1_119' title='bbox 318 3938 519 4010; x_wconf 87' lang='lat' dir='ltr'>adhibendi</span> <span class='ocrx_word' id='word_1_120' title='bbox 546 3961 568 4010; x_wconf 88' lang='lat' dir='ltr'>a</span> <span class='ocrx_word' id='word_1_121' title='bbox 586 3939 730 4012; x_wconf 86' lang='lat' dir='ltr'>medico</span> <span class='ocrx_word' id='word_1_122' title='bbox 752 3939 905 4011; x_wconf 81' lang='lat' dir='ltr'>definita</span> <span class='ocrx_word' id='word_1_123' title='bbox 923 3962 999 4012; x_wconf 89' lang='lat' dir='ltr'>non</span> <span class='ocrx_word' id='word_1_124' title='bbox 1020 3946 1087 4030; x_wconf 87' lang='lat' dir='ltr'>est,</span> <span class='ocrx_word' id='word_1_125' title='bbox 1106 3942 1145 4013; x_wconf 87' lang='lat' dir='ltr'>in</span> <span class='ocrx_word' id='word_1_126' title='bbox 1165 3964 1298 4034; x_wconf 83' lang='lat' dir='ltr'>genere</span> <span class='ocrx_word' id='word_1_127' title='bbox 1317 3963 1385 4034; x_wconf 91' lang='lat' dir='ltr'>pro</span> <span class='ocrx_word' id='word_1_128' title='bbox 1404 3947 1509 4034; x_wconf 83' lang='lat' dir='ltr'>parte</span> 
     </span>
     <span class='ocr_line' id='line_1_24' title="bbox 315 4056 1385 4157; baseline 0.001 -18"><span class='ocrx_word' id='word_1_129' title='bbox 315 4087 392 4139; x_wconf 87' lang='lat' dir='ltr'>una</span> <span class='ocrx_word' id='word_1_130' title='bbox 416 4067 648 4138; x_wconf 86' lang='lat' dir='ltr'>substantiae</span> <span class='ocrx_word' id='word_1_131' title='bbox 668 4071 792 4157; x_wconf 86' lang='lat' dir='ltr'>partes</span> <span class='ocrx_word' id='word_1_132' title='bbox 812 4056 941 4139; x_wconf 86' lang='lat' dir='ltr'>decem</span> <span class='ocrx_word' id='word_1_133' title='bbox 961 4067 1148 4142; x_wconf 87' lang='lat' dir='ltr'>colaturae</span> <span class='ocrx_word' id='word_1_134' title='bbox 1168 4069 1385 4143; x_wconf 84' lang='lat' dir='ltr'>efficiantur.</span> 
     </span>
    </p>

    <p class='ocr_par' dir='ltr' id='par_1_10' title="bbox 316 4192 1511 4796">
     <span class='ocr_line' id='line_1_25' title="bbox 424 4192 1507 4286; baseline 0.002 -22"><span class='ocrx_word' id='word_1_135' title='bbox 424 4193 527 4265; x_wconf 87' lang='lat' dir='ltr'>Haec</span> <span class='ocrx_word' id='word_1_136' title='bbox 546 4214 679 4265; x_wconf 87' lang='lat' dir='ltr'>norma</span> <span class='ocrx_word' id='word_1_137' title='bbox 697 4213 775 4264; x_wconf 93' lang='lat' dir='ltr'>non</span> <span class='ocrx_word' id='word_1_138' title='bbox 795 4192 894 4266; x_wconf 87' lang='lat' dir='ltr'>valet</span> <span class='ocrx_word' id='word_1_139' title='bbox 912 4215 980 4286; x_wconf 88' lang='lat' dir='ltr'>pro</span> <span class='ocrx_word' id='word_1_140' title='bbox 999 4196 1308 4268; x_wconf 90' lang='lat' dir='ltr'>medicaminibus</span> <span class='ocrx_word' id='word_1_141' title='bbox 1327 4195 1507 4267; x_wconf 85' lang='lat' dir='ltr'>efficacio-</span> 
     </span>
     <span class='ocr_line' id='line_1_26' title="bbox 317 4319 1511 4412; baseline 0.002 -20"><span class='ocrx_word' id='word_1_142' title='bbox 317 4321 432 4408; x_wconf 72' lang='lat' dir='ltr'>ribus</span> <span class='ocrx_word' id='word_1_143' title='bbox 452 4319 622 4412; x_wconf 84' lang='lat' dir='ltr'>inprimis</span> <span class='ocrx_word' id='word_1_144' title='bbox 641 4320 851 4408; x_wconf 80' lang='lat' dir='ltr'>narcoticiS,</span> <span class='ocrx_word' id='word_1_145' title='bbox 873 4342 1031 4412; x_wconf 89' lang='lat' dir='ltr'>qnorum</span> <span class='ocrx_word' id='word_1_146' title='bbox 1051 4321 1156 4395; x_wconf 91' lang='lat' dir='ltr'>dosis</span> <span class='ocrx_word' id='word_1_147' title='bbox 1175 4324 1339 4395; x_wconf 86' lang='lat' dir='ltr'>maxima</span> <span class='ocrx_word' id='word_1_148' title='bbox 1360 4321 1511 4395; x_wconf 85' lang='lat' dir='ltr'>definita</span> 
     </span>
     <span class='ocr_line' id='line_1_27' title="bbox 317 4448 1511 4541; baseline -0.001 -20"><span class='ocrx_word' id='word_1_149' title='bbox 317 4453 437 4521; x_wconf 91' lang='lat' dir='ltr'>estet</span> <span class='ocrx_word' id='word_1_150' title='bbox 477 4469 545 4539; x_wconf 88' lang='lat' dir='ltr'>pro</span> <span class='ocrx_word' id='word_1_151' title='bbox 575 4448 793 4520; x_wconf 84' lang='lat' dir='ltr'>substantiis</span> <span class='ocrx_word' id='word_1_152' title='bbox 818 4449 1111 4540; x_wconf 83' lang='lat' dir='ltr'>mucilaginosis</span> <span class='ocrx_word' id='word_1_153' title='bbox 1150 4449 1300 4522; x_wconf 91' lang='lat' dir='ltr'>Illorum</span> <span class='ocrx_word' id='word_1_154' title='bbox 1322 4450 1511 4541; x_wconf 83' lang='lat' dir='ltr'>quantitas</span> 
     </span>
     <span class='ocr_line' id='line_1_28' title="bbox 318 4575 1510 4672; baseline 0.002 -24"><span class='ocrx_word' id='word_1_155' title='bbox 318 4596 466 4667; x_wconf 88' lang='lat' dir='ltr'>semper</span> <span class='ocrx_word' id='word_1_156' title='bbox 509 4597 532 4645; x_wconf 85' lang='lat' dir='ltr'>a</span> <span class='ocrx_word' id='word_1_157' title='bbox 573 4575 717 4647; x_wconf 90' lang='lat' dir='ltr'>medico</span> <span class='ocrx_word' id='word_1_158' title='bbox 760 4575 1052 4668; x_wconf 84' lang='lat' dir='ltr'>praescribenda</span> <span class='ocrx_word' id='word_1_159' title='bbox 1093 4583 1159 4668; x_wconf 89' lang='lat' dir='ltr'>est,</span> <span class='ocrx_word' id='word_1_160' title='bbox 1205 4579 1341 4651; x_wconf 87' lang='lat' dir='ltr'>horum</span> <span class='ocrx_word' id='word_1_161' title='bbox 1369 4577 1510 4672; x_wconf 75' lang='lat' dir='ltr'>iudicio</span> 
     </span>
     <span class='ocr_line' id='line_1_29' title="bbox 316 4701 904 4796; baseline 0.003 -22"><span class='ocrx_word' id='word_1_162' title='bbox 316 4701 631 4796; x_wconf 88' lang='lat' dir='ltr'>pharmacopolae</span> <span class='ocrx_word' id='word_1_163' title='bbox 651 4703 904 4776; x_wconf 88' lang='lat' dir='ltr'>committitur.</span> 
     </span>
    </p>
   </div>
   <div class='ocr_carea' id='block_1_7' title="bbox 0 0 1806 5534">
    <p class='ocr_par' dir='ltr' id='par_1_11' title="bbox 0 0 1806 5534">
     <span class='ocr_line' id='line_1_30' title="bbox 0 0 1806 5534; baseline 0 0"><span class='ocrx_word' id='word_1_164' title='bbox 0 0 1806 5534; x_wconf 95' lang='lat' dir='ltr'> </span> 
     </span>
    </p>
   </div>
  </div>
 </body>
</html>
