3600 5534
728 523 939 596 ...37-

551 737 799 844 drorobo
825 735 1111 877 depurata.

667 907 1021 1012 Chrysacobinurn.

346 1067 487 1140 Audire
509 1067 668 1140 Arurodo
688 1069 811 1160 Agui
824 1091 889 1156 ar,
911 1069 1021 1140 arbor
1041 1069 1079 1139 in
1099 1068 1201 1141 silvis
1221 1069 1433 1162 provinciae

236 1197 472 1270 Brasiliensis
492 1196 610 1269 Bahia
634 1198 823 1288 frequens.
863 1194 1128 1290 Lcyurninosac.
1155 1195 1433 1291 Popilionaceoc.

345 1323 472 1396 Pulvis
507 1323 754 1415 crystallinus,
790 1324 901 1412 leviS,
937 1324 1069 1396 coloris
1102 1324 1219 1415 aurei,
1254 1324 1379 1396 odoris
1399 1327 1435 1395 et

237 1451 384 1543 saporis
404 1471 548 1543 erpere,
569 1471 614 1522 ex
633 1450 803 1522 Araroba
823 1452 949 1539 cruda,
969 1450 1181 1522 substantia
1199 1451 1331 1523 friabili
1346 1451 1433 1522 sub·

237 1583 390 1666 terrosa,
420 1578 554 1650 coloris
579 1577 905 1650 flando-subfusci
924 1579 983 1649 vel
1002 1577 1184 1665 oclrracei,
1211 1578 1246 1649 in
1268 1577 1436 1649 cavernis

237 1704 413 1796 lysigenis
429 1704 516 1795 ligni
537 1704 681 1776 arboris
701 1709 858 1796 reperta,
879 1705 1098 1796 depurando
1118 1707 1274 1778 benzolo
1294 1705 1436 1776 fervido

237 1838 403 1923 paratus

347 1961 441 2032 Cum
461 1980 561 2050 aqua
581 1958 778 2030 ebulliente
799 1965 1077 2049 conquassatus
1097 1962 1250 2052 praebet
1263 1960 1438 2034 filtrando

238 2087 420 2180 liquorem
446 2087 672 2175 subflavum,
705 2087 767 2177 qui
796 2107 920 2177 neque
950 2087 1121 2161 chartam
1150 2090 1440 2182 exploratoriam

238 2220 369 2304 mutat,
408 2235 532 2305 neque
581 2212 767 2285 solutione
793 2213 877 2284 ferri
911 2215 1199 2305 sesquicblorati
1232 2217 1438 2306 coloratur;

239 2365 326 2416 curn
351 2342 541 2416 amrnonia
561 2341 722 2412 colorem
745 2341 960 2412 coccineum
978 2343 1101 2431 trahit,
1123 2365 1210 2416 curn
1229 2345 1336 2417 arido
1356 2347 1432 2418 sul-

238 2472 355 2544 iun'co
386 2473 627 2543 concentrato
654 2466 770 2538 oritur
789 2468 927 2539 solutio
946 2470 1191 2558 rubro-lusca,
1221 2493 1308 2545 cum
1341 2474 1438 2544 kalio

239 2599 526 2691 lrydrooxydato
544 2594 681 2668 solutio
704 2594 848 2666 intense
871 2596 1051 2686 cerasina,
1071 2620 1168 2691 quae
1188 2621 1290 2692 aqua
1309 2600 1436 2690 diluta,

244 2729 366 2798 colore
386 2724 494 2798 viridi
511 2721 711 2794 lluorescit.
733 2720 775 2792 In
795 2721 926 2813 spiritu
946 2724 1021 2796 vini
1040 2733 1280 2800 concontrato
1301 2729 1440 2801 fervido

243 2854 407 2927 maxima
432 2873 475 2924 ex
505 2854 609 2942 parte
630 2848 785 2920 solvitur
804 2849 927 2922 colore
955 2874 1080 2925 aureo.
1111 2853 1153 2926 In
1182 2856 1311 2947 patina
1339 2856 1434 2928 cale-

242 2983 364 3055 factus
402 2977 582 3071 liquescit,
621 2995 780 3067 vapores
818 2976 938 3050 flavos
978 2980 1118 3069 emittit,
1153 2987 1235 3054 turn
1271 2982 1443 3074 paullum

245 3107 487 3194 carbonescit,
507 3109 698 3197 postremo
720 3102 910 3194 deflagrat.

399 3325 857 3456 Amandum
895 3323 1299 3436 retentorum

499 3483 1190 3619 cruciamentum.

356 3671 527 3766 Crystalli
545 3667 847 3754 tabulaefonnes,
867 3671 1085 3763 pellucidae,
1107 3675 1315 3762 decolores,
1343 3676 1443 3748 facil·

247 3807 333 3879 lirne
353 3805 391 3876 in
412 3823 520 3894 aqua,
541 3796 725 3870 difficilius
744 3795 783 3866 in
804 3796 936 3887 spiritu
956 3800 1032 3872 vini
1051 3802 1241 3876 solubiles.

357 3931 501 4004 Solutio
522 3945 679 4018 aquosa,
695 3923 891 3997 reactionis
905 3930 1084 4018 neutrius,
1101 3931 1206 4003 acido
1226 3931 1446 4022 hydrochlo-

249 4060 324 4132 rico
358 4058 482 4144 mixta,
510 4055 641 4129 emittit
670 4048 924 4124 sedimenturn
952 4057 1148 4147 copiosum
1178 4059 1315 4147 album,
1345 4060 1448 4151 quod

250 4187 440 4259 ammonia
450 4185 665 4258 abundante
677 4177 794 4264 facile,
807 4178 887 4252 sine
899 4183 973 4257 ullo
984 4188 1106 4258 colore
1118 4187 1267 4278 limpide
1278 4188 1445 4260 solvitur.

359 4313 500 4386 Solutio
530 4334 677 4404 aquosa
706 4303 865 4405 (1:10),
908 4333 993 4385 curn
1020 4313 1230 4405 quadruplo
1259 4314 1447 4387 volumine

250 4442 344 4514 acidi
365 4441 530 4513 sulfurioi
550 4442 654 4513 diluti
673 4436 789 4516 mixta
809 4447 845 4510 et
865 4440 911 4510 ad
927 4440 1180 4513 ebullitionem
1195 4441 1383 4529 calefacta,
1399 4463 1447 4511 ne

248 4570 427 4658 turbetur,
466 4589 587 4660 neque
619 4570 735 4661 baryo
765 4568 896 4640 uitrico
930 4567 1016 4658 plus
1052 4588 1166 4657 quam
1197 4567 1318 4639 levem
1350 4566 1450 4660 opali

250 4700 408 4772 nitorem
452 4697 645 4786 ostendat;
677 4697 783 4770 acido
818 4694 1102 4786 lrydroclrlorioo
1139 4694 1384 4787 praecipitata
1414 4699 1451 4766 et
