<?xml version="1.0" encoding="UTF-8"?>
<!DOCTYPE html PUBLIC "-//W3C//DTD XHTML 1.0 Transitional//EN"
    "http://www.w3.org/TR/xhtml1/DTD/xhtml1-transitional.dtd">
<html xmlns="http://www.w3.org/1999/xhtml" xml:lang="en" lang="en">
 <head>
  <title>
</title>
<meta http-equiv="Content-Type" content="text/html;charset=utf-8" />
  <meta name='ocr-system' content='tesseract 3.04.00' />
  <meta name='ocr-capabilities' content='ocr_page ocr_carea ocr_par ocr_line ocrx_word'/>
</head>
<body>
  <div class='ocr_page' id='page_1' title='image "./pharmacopoeaaus01unkngoog_0138.png"; bbox 0 0 3600 5534; ppageno 0'>
   <div class='ocr_carea' id='block_1_1' title="bbox 899 533 1108 632">
    <p class='ocr_par' dir='ltr' id='par_1_1' title="bbox 899 533 1108 632">
     <span class='ocr_line' id='line_1_1' title="bbox 899 533 1108 632; baseline 0.01 -25"><span class='ocrx_word' id='word_1_1' title='bbox 899 533 1108 632; x_wconf 50' lang='grc'><strong>»108-</strong></span> 
     </span>
    </p>
   </div>
   <div class='ocr_carea' id='block_1_2' title="bbox 404 748 1602 1462">
    <p class='ocr_par' dir='ltr' id='par_1_2' title="bbox 404 748 1601 977">
     <span class='ocr_line' id='line_1_2' title="bbox 514 748 1601 848; baseline 0.007 -24"><span class='ocrx_word' id='word_1_2' title='bbox 514 748 704 828; x_wconf 77' lang='lat' dir='ltr'><strong>Anthodia</strong></span> <span class='ocrx_word' id='word_1_3' title='bbox 723 753 889 847; x_wconf 68' lang='lat' dir='ltr'><strong>perfectev</strong></span> <span class='ocrx_word' id='word_1_4' title='bbox 902 755 1085 847; x_wconf 84' lang='lat' dir='ltr'><strong>explicata</strong></span> <span class='ocrx_word' id='word_1_5' title='bbox 1114 755 1321 848; x_wconf 83' lang='lat' dir='ltr'><strong>colligenda</strong></span> <span class='ocrx_word' id='word_1_6' title='bbox 1350 762 1387 830; x_wconf 87' lang='lat' dir='ltr'><strong>et</strong></span> <span class='ocrx_word' id='word_1_7' title='bbox 1410 755 1550 832; x_wconf 84' lang='lat' dir='ltr'><strong>siccata</strong></span> <span class='ocrx_word' id='word_1_8' title='bbox 1578 781 1601 832; x_wconf 84' lang='lat' dir='ltr'><strong>a</strong></span> 
     </span>
     <span class='ocr_line' id='line_1_3' title="bbox 404 863 1600 977; baseline 0.01 -29"><span class='ocrx_word' id='word_1_9' title='bbox 404 877 517 953; x_wconf 81' lang='lat' dir='ltr'><strong>larvis</strong></span> <span class='ocrx_word' id='word_1_10' title='bbox 536 881 651 972; x_wconf 68' lang='lat' dir='ltr'><strong>ngas</strong></span> <span class='ocrx_word' id='word_1_11' title='bbox 673 863 841 977; x_wconf 56' lang='lat' dir='ltr'><strong>rupetae</strong></span> <span class='ocrx_word' id='word_1_12' title='bbox 865 882 1082 954; x_wconf 67' lang='lat' dir='ltr'><strong>arlucum</strong></span> <span class='ocrx_word' id='word_1_13' title='bbox 1106 884 1233 976; x_wconf 75' lang='lat' dir='ltr'><strong>(Low)</strong></span> <span class='ocrx_word' id='word_1_14' title='bbox 1255 884 1373 958; x_wconf 78' lang='lat' dir='ltr'><strong>ruera</strong></span> <span class='ocrx_word' id='word_1_15' title='bbox 1395 892 1600 960; x_wconf 73' lang='lat' dir='ltr'><strong>servennn.</strong></span> 
     </span>
    </p>

    <p class='ocr_par' dir='ltr' id='par_1_3' title="bbox 405 1007 1602 1354">
     <span class='ocr_line' id='line_1_4' title="bbox 513 1007 1602 1102; baseline 0.007 -24"><span class='ocrx_word' id='word_1_16' title='bbox 513 1007 703 1080; x_wconf 84' lang='lat' dir='ltr'><strong>Anthodia</strong></span> <span class='ocrx_word' id='word_1_17' title='bbox 722 1009 857 1081; x_wconf 84' lang='lat' dir='ltr'><strong>similia</strong></span> <span class='ocrx_word' id='word_1_18' title='bbox 876 1010 1086 1102; x_wconf 81' lang='lat' dir='ltr'><strong>specierum</strong></span> <span class='ocrx_word' id='word_1_19' title='bbox 1114 1011 1379 1084; x_wconf 85' lang='lat' dir='ltr'><strong>nonnullarum</strong></span> <span class='ocrx_word' id='word_1_20' title='bbox 1397 1012 1546 1085; x_wconf 72' lang='lat' dir='ltr'><strong>Arouioi</strong></span> <span class='ocrx_word' id='word_1_21' title='bbox 1566 1018 1602 1086; x_wconf 87' lang='lat' dir='ltr'><strong>et</strong></span> 
     </span>
     <span class='ocr_line' id='line_1_5' title="bbox 405 1134 1600 1232; baseline 0.004 -26"><span class='ocrx_word' id='word_1_22' title='bbox 405 1134 577 1206; x_wconf 77' lang='lat' dir='ltr'><strong>Doronicc¹</strong></span> <span class='ocrx_word' id='word_1_23' title='bbox 597 1135 875 1228; x_wconf 81' lang='lat' dir='ltr'><strong>distinguuntur</strong></span> <span class='ocrx_word' id='word_1_24' title='bbox 893 1137 1093 1231; x_wconf 82' lang='lat' dir='ltr'><strong>praecipue</strong></span> <span class='ocrx_word' id='word_1_25' title='bbox 1123 1139 1287 1212; x_wconf 85' lang='lat' dir='ltr'><strong>flosculis</strong></span> <span class='ocrx_word' id='word_1_26' title='bbox 1315 1140 1478 1232; x_wconf 81' lang='lat' dir='ltr'><strong>ligulatis</strong></span> <span class='ocrx_word' id='word_1_27' title='bbox 1505 1140 1600 1213; x_wconf 87' lang='lat' dir='ltr'><strong>radii</strong></span> 
     </span>
     <span class='ocr_line' id='line_1_6' title="bbox 407 1262 728 1354; baseline 0.009 -21"><span class='ocrx_word' id='word_1_28' title='bbox 407 1262 728 1354; x_wconf 85' lang='lat' dir='ltr'><strong>quatuor-nerviis.</strong></span> 
     </span>
    </p>

    <p class='ocr_par' dir='ltr' id='par_1_4' title="bbox 515 1390 693 1462">
     <span class='ocr_line' id='line_1_7' title="bbox 515 1390 693 1462; baseline 0.006 -1"><span class='ocrx_word' id='word_1_29' title='bbox 515 1390 693 1462; x_wconf 81' lang='lat' dir='ltr'><strong>Tinclura.</strong></span> 
     </span>
    </p>
   </div>
   <div class='ocr_carea' id='block_1_3' title="bbox 538 1709 1449 1826">
    <p class='ocr_par' dir='ltr' id='par_1_5' title="bbox 538 1709 1449 1826">
     <span class='ocr_line' id='line_1_8' title="bbox 538 1709 1449 1826; baseline 0.007 -8"><span class='ocrx_word' id='word_1_30' title='bbox 538 1709 721 1820; x_wconf 84' lang='lat' dir='ltr'><strong>llores</strong></span> <span class='ocrx_word' id='word_1_31' title='bbox 749 1712 1136 1822; x_wconf 76' lang='lat' dir='ltr'><strong>Chamomillao</strong></span> <span class='ocrx_word' id='word_1_32' title='bbox 1157 1715 1449 1826; x_wconf 84' lang='lat' dir='ltr'><strong>Romanae.</strong></span> 
     </span>
    </p>
   </div>
   <div class='ocr_carea' id='block_1_4' title="bbox 397 1933 1598 3559">
    <p class='ocr_par' dir='ltr' id='par_1_6' title="bbox 401 1933 1598 2285">
     <span class='ocr_line' id='line_1_9' title="bbox 512 1933 1598 2033; baseline 0.006 -27"><span class='ocrx_word' id='word_1_33' title='bbox 512 1933 690 2008; x_wconf 69' lang='lat' dir='ltr'><strong>Arethonis</strong></span> <span class='ocrx_word' id='word_1_34' title='bbox 714 1935 838 2009; x_wconf 76' lang='lat' dir='ltr'><strong>nobilis</strong></span> <span class='ocrx_word' id='word_1_35' title='bbox 857 1937 991 2027; x_wconf 88' lang='lat' dir='ltr'><strong>Linn.,</strong></span> <span class='ocrx_word' id='word_1_36' title='bbox 1019 1938 1148 2031; x_wconf 87' lang='lat' dir='ltr'><strong>planta</strong></span> <span class='ocrx_word' id='word_1_37' title='bbox 1171 1941 1358 2032; x_wconf 74' lang='lat' dir='ltr'><strong>perennio,</strong></span> <span class='ocrx_word' id='word_1_38' title='bbox 1383 1941 1423 2014; x_wconf 92' lang='lat' dir='ltr'><strong>in</strong></span> <span class='ocrx_word' id='word_1_39' title='bbox 1447 1940 1598 2033; x_wconf 86' lang='lat' dir='ltr'><strong>Europa</strong></span> 
     </span>
     <span class='ocr_line' id='line_1_10' title="bbox 401 2059 1598 2160; baseline 0.007 -30"><span class='ocrx_word' id='word_1_40' title='bbox 401 2059 634 2134; x_wconf 83' lang='lat' dir='ltr'><strong>meridionali</strong></span> <span class='ocrx_word' id='word_1_41' title='bbox 661 2070 697 2137; x_wconf 90' lang='lat' dir='ltr'><strong>et</strong></span> <span class='ocrx_word' id='word_1_42' title='bbox 721 2064 941 2138; x_wconf 88' lang='lat' dir='ltr'><strong>occidentali</strong></span> <span class='ocrx_word' id='word_1_43' title='bbox 960 2065 1145 2157; x_wconf 84' lang='lat' dir='ltr'><strong>indigena,</strong></span> <span class='ocrx_word' id='word_1_44' title='bbox 1176 2068 1277 2158; x_wconf 90' lang='lat' dir='ltr'><strong>apud</strong></span> <span class='ocrx_word' id='word_1_45' title='bbox 1295 2088 1366 2140; x_wconf 86' lang='lat' dir='ltr'><strong>nos</strong></span> <span class='ocrx_word' id='word_1_46' title='bbox 1385 2068 1598 2160; x_wconf 80' lang='lat' dir='ltr'><strong>frequenter</strong></span> 
     </span>
     <span class='ocr_line' id='line_1_11' title="bbox 401 2187 757 2285; baseline 0.011 -25"><span class='ocrx_word' id='word_1_47' title='bbox 401 2188 509 2261; x_wconf 88' lang='lat' dir='ltr'><strong>culta.</strong></span> <span class='ocrx_word' id='word_1_48' title='bbox 535 2187 757 2285; x_wconf 81' lang='lat' dir='ltr'><strong>Compositac.</strong></span> 
     </span>
    </p>

    <p class='ocr_par' dir='ltr' id='par_1_7' title="bbox 399 2315 1596 3048">
     <span class='ocr_line' id='line_1_12' title="bbox 509 2315 1596 2415; baseline 0.007 -28"><span class='ocrx_word' id='word_1_49' title='bbox 509 2315 700 2390; x_wconf 85' lang='lat' dir='ltr'><strong>Anthedia</strong></span> <span class='ocrx_word' id='word_1_50' title='bbox 719 2319 908 2392; x_wconf 86' lang='lat' dir='ltr'><strong>varietatis</strong></span> <span class='ocrx_word' id='word_1_51' title='bbox 928 2320 1047 2392; x_wconf 89' lang='lat' dir='ltr'><strong>cultae</strong></span> <span class='ocrx_word' id='word_1_52' title='bbox 1067 2320 1287 2413; x_wconf 81' lang='lat' dir='ltr'><strong>plerumque</strong></span> <span class='ocrx_word' id='word_1_53' title='bbox 1306 2323 1418 2415; x_wconf 93' lang='lat' dir='ltr'><strong>plena</strong></span> <span class='ocrx_word' id='word_1_54' title='bbox 1447 2321 1596 2410; x_wconf 71' lang='lat' dir='ltr'><strong>siccata</strong></span> 
     </span>
     <span class='ocr_line' id='line_1_13' title="bbox 401 2443 1595 2539; baseline 0.007 -25"><span class='ocrx_word' id='word_1_55' title='bbox 401 2443 566 2518; x_wconf 87' lang='lat' dir='ltr'><strong>flosculis</strong></span> <span class='ocrx_word' id='word_1_56' title='bbox 604 2446 772 2539; x_wconf 87' lang='lat' dir='ltr'><strong>plurimis</strong></span> <span class='ocrx_word' id='word_1_57' title='bbox 809 2447 972 2538; x_wconf 82' lang='lat' dir='ltr'><strong>ligulatis</strong></span> <span class='ocrx_word' id='word_1_58' title='bbox 1010 2447 1115 2537; x_wconf 72' lang='lat' dir='ltr'><strong>albis</strong></span> <span class='ocrx_word' id='word_1_59' title='bbox 1163 2449 1345 2521; x_wconf 87' lang='lat' dir='ltr'><strong>tubulosis</strong></span> <span class='ocrx_word' id='word_1_60' title='bbox 1391 2448 1430 2521; x_wconf 91' lang='lat' dir='ltr'><strong>in</strong></span> <span class='ocrx_word' id='word_1_61' title='bbox 1468 2454 1595 2522; x_wconf 89' lang='lat' dir='ltr'><strong>centro</strong></span> 
     </span>
     <span class='ocr_line' id='line_1_14' title="bbox 401 2571 1595 2668; baseline 0.006 -26"><span class='ocrx_word' id='word_1_62' title='bbox 401 2571 636 2662; x_wconf 82' lang='lat' dir='ltr'><strong>paucissimis</strong></span> <span class='ocrx_word' id='word_1_63' title='bbox 673 2573 790 2662; x_wconf 71' lang='lat' dir='ltr'><strong>flavis</strong></span> <span class='ocrx_word' id='word_1_64' title='bbox 829 2573 1079 2666; x_wconf 91' lang='lat' dir='ltr'><strong>peranthodio</strong></span> <span class='ocrx_word' id='word_1_65' title='bbox 1116 2573 1322 2664; x_wconf 86' lang='lat' dir='ltr'><strong>imbricato,</strong></span> <span class='ocrx_word' id='word_1_66' title='bbox 1359 2576 1595 2668; x_wconf 86' lang='lat' dir='ltr'><strong>receptaculo</strong></span> 
     </span>
     <span class='ocr_line' id='line_1_15' title="bbox 401 2698 1596 2796; baseline 0.006 -27"><span class='ocrx_word' id='word_1_67' title='bbox 401 2698 543 2787; x_wconf 87' lang='lat' dir='ltr'><strong>conico,</strong></span> <span class='ocrx_word' id='word_1_68' title='bbox 563 2699 782 2789; x_wconf 90' lang='lat' dir='ltr'><strong>medulloso,</strong></span> <span class='ocrx_word' id='word_1_69' title='bbox 803 2700 924 2792; x_wconf 82' lang='lat' dir='ltr'><strong>paleis</strong></span> <span class='ocrx_word' id='word_1_70' title='bbox 943 2702 1461 2794; x_wconf 81' lang='lat' dir='ltr'><strong>spatulato·cymbiformibuS‚</strong></span> <span class='ocrx_word' id='word_1_71' title='bbox 1475 2704 1596 2796; x_wconf 89' lang='lat' dir='ltr'><strong>dupli-</strong></span> 
     </span>
     <span class='ocr_line' id='line_1_16' title="bbox 401 2827 1596 2924; baseline 0.006 -27"><span class='ocrx_word' id='word_1_72' title='bbox 401 2827 656 2900; x_wconf 87' lang='lat' dir='ltr'><strong>cato-serratis</strong></span> <span class='ocrx_word' id='word_1_73' title='bbox 676 2827 807 2917; x_wconf 80' lang='lat' dir='ltr'><strong>obsite,</strong></span> <span class='ocrx_word' id='word_1_74' title='bbox 834 2828 961 2901; x_wconf 88' lang='lat' dir='ltr'><strong>odoris</strong></span> <span class='ocrx_word' id='word_1_75' title='bbox 991 2829 1183 2901; x_wconf 84' lang='lat' dir='ltr'><strong>aromatici</strong></span> <span class='ocrx_word' id='word_1_76' title='bbox 1210 2829 1419 2922; x_wconf 72' lang='lat' dir='ltr'><strong>peculiaris</strong></span> <span class='ocrx_word' id='word_1_77' title='bbox 1450 2832 1596 2924; x_wconf 88' lang='lat' dir='ltr'><strong>saporis</strong></span> 
     </span>
     <span class='ocr_line' id='line_1_17' title="bbox 399 2953 864 3048; baseline 0.009 -24"><span class='ocrx_word' id='word_1_78' title='bbox 399 2953 593 3026; x_wconf 80' lang='lat' dir='ltr'><strong>aromatici</strong></span> <span class='ocrx_word' id='word_1_79' title='bbox 614 2959 651 3027; x_wconf 89' lang='lat' dir='ltr'><strong>et</strong></span> <span class='ocrx_word' id='word_1_80' title='bbox 667 2955 864 3048; x_wconf 83' lang='lat' dir='ltr'><strong>peramari.</strong></span> 
     </span>
    </p>

    <p class='ocr_par' dir='ltr' id='par_1_8' title="bbox 397 3080 1596 3427">
     <span class='ocr_line' id='line_1_18' title="bbox 506 3080 1596 3177; baseline 0.006 -25"><span class='ocrx_word' id='word_1_81' title='bbox 506 3080 560 3153; x_wconf 89' lang='lat' dir='ltr'><strong>Ne</strong></span> <span class='ocrx_word' id='word_1_82' title='bbox 601 3083 877 3156; x_wconf 80' lang='lat' dir='ltr'><strong>confundantur</strong></span> <span class='ocrx_word' id='word_1_83' title='bbox 911 3103 996 3154; x_wconf 92' lang='lat' dir='ltr'><strong>cum</strong></span> <span class='ocrx_word' id='word_1_84' title='bbox 1029 3083 1218 3156; x_wconf 89' lang='lat' dir='ltr'><strong>anthodiis</strong></span> <span class='ocrx_word' id='word_1_85' title='bbox 1251 3084 1372 3177; x_wconf 90' lang='lat' dir='ltr'><strong>plenis</strong></span> <span class='ocrx_word' id='word_1_86' title='bbox 1405 3085 1596 3159; x_wconf 83' lang='lat' dir='ltr'><strong>varietatis</strong></span> 
     </span>
     <span class='ocr_line' id='line_1_19' title="bbox 404 3205 1595 3305; baseline 0.007 -28"><span class='ocrx_word' id='word_1_87' title='bbox 404 3205 665 3304; x_wconf 74' lang='lat' dir='ltr'><strong>Chrysanllemi</strong></span> <span class='ocrx_word' id='word_1_88' title='bbox 683 3209 868 3281; x_wconf 75' lang='lat' dir='ltr'><strong>Parthenii</strong></span> <span class='ocrx_word' id='word_1_89' title='bbox 884 3209 1028 3302; x_wconf 76' lang='lat' dir='ltr'><strong>(Pers),</strong></span> <span class='ocrx_word' id='word_1_90' title='bbox 1044 3211 1083 3282; x_wconf 94' lang='lat' dir='ltr'><strong>in</strong></span> <span class='ocrx_word' id='word_1_91' title='bbox 1101 3211 1221 3284; x_wconf 88' lang='lat' dir='ltr'><strong>hortis</strong></span> <span class='ocrx_word' id='word_1_92' title='bbox 1241 3214 1452 3305; x_wconf 83' lang='lat' dir='ltr'><strong>frequenter</strong></span> <span class='ocrx_word' id='word_1_93' title='bbox 1462 3212 1595 3303; x_wconf 90' lang='lat' dir='ltr'><strong>cultae,</strong></span> 
     </span>
     <span class='ocr_line' id='line_1_20' title="bbox 397 3336 968 3427; baseline 0.009 -21"><span class='ocrx_word' id='word_1_94' title='bbox 397 3336 632 3427; x_wconf 89' lang='lat' dir='ltr'><strong>receptaculo</strong></span> <span class='ocrx_word' id='word_1_95' title='bbox 650 3339 754 3410; x_wconf 91' lang='lat' dir='ltr'><strong>nudo</strong></span> <span class='ocrx_word' id='word_1_96' title='bbox 774 3337 968 3411; x_wconf 84' lang='lat' dir='ltr'><strong>distinctis</strong></span> 
     </span>
    </p>

    <p class='ocr_par' dir='ltr' id='par_1_9' title="bbox 506 3465 878 3559">
     <span class='ocr_line' id='line_1_21' title="bbox 506 3465 878 3559; baseline 0.005 -25"><span class='ocrx_word' id='word_1_97' title='bbox 506 3469 615 3559; x_wconf 80' lang='lat' dir='ltr'><strong>Aqua</strong></span> <span class='ocrx_word' id='word_1_98' title='bbox 633 3465 878 3538; x_wconf 78' lang='lat' dir='ltr'><strong>carminaliva.</strong></span> 
     </span>
    </p>
   </div>
   <div class='ocr_carea' id='block_1_5' title="bbox 551 3840 1436 3988">
    <p class='ocr_par' dir='ltr' id='par_1_10' title="bbox 551 3840 1436 3988">
     <span class='ocr_line' id='line_1_22' title="bbox 551 3840 1436 3988; baseline 0.005 -40"><span class='ocrx_word' id='word_1_99' title='bbox 551 3840 735 3950; x_wconf 72' lang='lat' dir='ltr'><strong>l&#39;lorcs</strong></span> <span class='ocrx_word' id='word_1_100' title='bbox 763 3840 1145 3950; x_wconf 69' lang='lat' dir='ltr'><strong>chamomillae</strong></span> <span class='ocrx_word' id='word_1_101' title='bbox 1172 3844 1436 3988; x_wconf 76' lang='lat' dir='ltr'><strong>vulgaris·</strong></span> 
     </span>
    </p>
   </div>
   <div class='ocr_carea' id='block_1_6' title="bbox 394 4064 1591 4793">
    <p class='ocr_par' dir='ltr' id='par_1_11' title="bbox 397 4064 1590 4290">
     <span class='ocr_line' id='line_1_23' title="bbox 508 4064 1590 4160; baseline 0.003 -24"><span class='ocrx_word' id='word_1_102' title='bbox 508 4064 720 4137; x_wconf 78' lang='lat' dir='ltr'><strong>Matricorc&#39;o</strong></span> <span class='ocrx_word' id='word_1_103' title='bbox 746 4065 974 4138; x_wconf 77' lang='lat' dir='ltr'><strong>Clamomillo</strong></span> <span class='ocrx_word' id='word_1_104' title='bbox 1002 4066 1135 4155; x_wconf 90' lang='lat' dir='ltr'><strong>Linn.‚</strong></span> <span class='ocrx_word' id='word_1_105' title='bbox 1167 4069 1297 4160; x_wconf 87' lang='lat' dir='ltr'><strong>planta</strong></span> <span class='ocrx_word' id='word_1_106' title='bbox 1326 4089 1462 4157; x_wconf 89' lang='lat' dir='ltr'><strong>annua,</strong></span> <span class='ocrx_word' id='word_1_107' title='bbox 1492 4068 1590 4141; x_wconf 90' lang='lat' dir='ltr'><strong>inter</strong></span> 
     </span>
     <span class='ocr_line' id='line_1_24' title="bbox 397 4193 1476 4290; baseline 0.004 -26"><span class='ocrx_word' id='word_1_108' title='bbox 397 4198 544 4284; x_wconf 82' lang='lat' dir='ltr'><strong>segetes</strong></span> <span class='ocrx_word' id='word_1_109' title='bbox 565 4193 659 4266; x_wconf 88' lang='lat' dir='ltr'><strong>etin</strong></span> <span class='ocrx_word' id='word_1_110' title='bbox 677 4193 862 4267; x_wconf 88' lang='lat' dir='ltr'><strong>ruderatis</strong></span> <span class='ocrx_word' id='word_1_111' title='bbox 881 4194 1025 4285; x_wconf 87' lang='lat' dir='ltr'><strong>passim</strong></span> <span class='ocrx_word' id='word_1_112' title='bbox 1045 4214 1227 4268; x_wconf 79' lang='lat' dir='ltr'><strong>crescens</strong></span> <span class='ocrx_word' id='word_1_113' title='bbox 1253 4195 1476 4290; x_wconf 76' lang='lat' dir='ltr'><strong>Compositue.</strong></span> 
     </span>
    </p>

    <p class='ocr_par' dir='ltr' id='par_1_12' title="bbox 394 4320 1591 4793">
     <span class='ocr_line' id='line_1_25' title="bbox 503 4320 1591 4414; baseline 0.003 -22"><span class='ocrx_word' id='word_1_114' title='bbox 503 4320 694 4394; x_wconf 83' lang='lat' dir='ltr'><strong>Anthodia</strong></span> <span class='ocrx_word' id='word_1_115' title='bbox 732 4321 877 4394; x_wconf 86' lang='lat' dir='ltr'><strong>radiata</strong></span> <span class='ocrx_word' id='word_1_116' title='bbox 910 4322 1109 4394; x_wconf 88' lang='lat' dir='ltr'><strong>multiflora</strong></span> <span class='ocrx_word' id='word_1_117' title='bbox 1146 4321 1295 4411; x_wconf 86' lang='lat' dir='ltr'><strong>siccata,</strong></span> <span class='ocrx_word' id='word_1_118' title='bbox 1339 4323 1591 4414; x_wconf 86' lang='lat' dir='ltr'><strong>peranthodio</strong></span> 
     </span>
     <span class='ocr_line' id='line_1_26' title="bbox 395 4447 1590 4541; baseline 0.003 -23"><span class='ocrx_word' id='word_1_119' title='bbox 395 4447 599 4537; x_wconf 70' lang='lat' dir='ltr'><strong>imbricato</strong></span> <span class='ocrx_word' id='word_1_120' title='bbox 628 4450 863 4540; x_wconf 82' lang='lat' dir='ltr'><strong>receptaculo</strong></span> <span class='ocrx_word' id='word_1_121' title='bbox 893 4448 1035 4537; x_wconf 89' lang='lat' dir='ltr'><strong>conic0‚</strong></span> <span class='ocrx_word' id='word_1_122' title='bbox 1061 4449 1175 4536; x_wconf 84' lang='lat' dir='ltr'><strong>nude,</strong></span> <span class='ocrx_word' id='word_1_123' title='bbox 1207 4469 1311 4538; x_wconf 85' lang='lat' dir='ltr'><strong>cavo,</strong></span> <span class='ocrx_word' id='word_1_124' title='bbox 1346 4456 1508 4541; x_wconf 85' lang='lat' dir='ltr'><strong>quatuor</strong></span> <span class='ocrx_word' id='word_1_125' title='bbox 1541 4451 1590 4522; x_wconf 90' lang='lat' dir='ltr'><strong>ad</strong></span> 
     </span>
     <span class='ocr_line' id='line_1_27' title="bbox 396 4575 1591 4669; baseline 0.003 -22"><span class='ocrx_word' id='word_1_126' title='bbox 396 4575 559 4669; x_wconf 90' lang='lat' dir='ltr'><strong>quinque</strong></span> <span class='ocrx_word' id='word_1_127' title='bbox 578 4576 790 4648; x_wconf 87' lang='lat' dir='ltr'><strong>millimetra</strong></span> <span class='ocrx_word' id='word_1_128' title='bbox 809 4576 894 4665; x_wconf 88' lang='lat' dir='ltr'><strong>alto,</strong></span> <span class='ocrx_word' id='word_1_129' title='bbox 914 4596 1032 4649; x_wconf 90' lang='lat' dir='ltr'><strong>unum</strong></span> <span class='ocrx_word' id='word_1_130' title='bbox 1056 4581 1092 4648; x_wconf 88' lang='lat' dir='ltr'><strong>et</strong></span> <span class='ocrx_word' id='word_1_131' title='bbox 1117 4575 1313 4648; x_wconf 89' lang='lat' dir='ltr'><strong>dimidium</strong></span> <span class='ocrx_word' id='word_1_132' title='bbox 1335 4577 1591 4650; x_wconf 88' lang='lat' dir='ltr'><strong>millimetrum</strong></span> 
     </span>
     <span class='ocr_line' id='line_1_28' title="bbox 394 4702 1589 4793; baseline 0.004 -18"><span class='ocrx_word' id='word_1_133' title='bbox 394 4703 480 4792; x_wconf 85' lang='lat' dir='ltr'><strong>lato,</strong></span> <span class='ocrx_word' id='word_1_134' title='bbox 501 4703 663 4774; x_wconf 86' lang='lat' dir='ltr'><strong>flosculis</strong></span> <span class='ocrx_word' id='word_1_135' title='bbox 684 4702 780 4774; x_wconf 83' lang='lat' dir='ltr'><strong>radii</strong></span> <span class='ocrx_word' id='word_1_136' title='bbox 798 4702 960 4793; x_wconf 84' lang='lat' dir='ltr'><strong>ligulatis</strong></span> <span class='ocrx_word' id='word_1_137' title='bbox 981 4702 1085 4791; x_wconf 87' lang='lat' dir='ltr'><strong>albis,</strong></span> <span class='ocrx_word' id='word_1_138' title='bbox 1106 4702 1200 4774; x_wconf 86' lang='lat' dir='ltr'><strong>disci</strong></span> <span class='ocrx_word' id='word_1_139' title='bbox 1220 4702 1383 4776; x_wconf 89' lang='lat' dir='ltr'><strong>minimis</strong></span> <span class='ocrx_word' id='word_1_140' title='bbox 1402 4704 1589 4780; x_wconf 90' lang='lat' dir='ltr'><strong>tubulosis</strong></span> 
     </span>
    </p>
   </div>
   <div class='ocr_carea' id='block_1_7' title="bbox 0 0 1804 5527">
    <p class='ocr_par' dir='ltr' id='par_1_13' title="bbox 0 0 1804 5527">
     <span class='ocr_line' id='line_1_29' title="bbox 0 0 1804 5527; baseline 0 0"><span class='ocrx_word' id='word_1_141' title='bbox 0 0 1804 5527; x_wconf 95' lang='lat' dir='ltr'><strong> </strong></span> 
     </span>
    </p>
   </div>
  </div>
 </body>
</html>
