3600 5534
831 496 1074 569 -060-

453 715 547 787 Cum
575 715 722 808 aequali
741 718 908 806 pondere
928 715 1080 808 spiritus
1100 715 1175 787 vini
1195 716 1425 789 concontrati
1444 716 1546 788 solu·

344 844 484 916 tionem
503 842 690 934 praebeat,
711 864 807 934 quae
825 844 962 917 liltrata
976 848 1013 915 et
1028 849 1229 935 evaporata
1242 864 1410 917 massam
1424 843 1547 916 fusco-

345 972 623 1058 llavesccntem,
652 969 888 1061 pellucidam,
918 972 957 1044 in
985 971 1137 1044 aethere
1166 971 1320 1063 limpide
1350 969 1548 1043 solubilem

344 1098 539 1190 relinquat.

452 1226 664 1317 Antequam
676 1226 909 1315 adhibeatur,
925 1226 964 1298 in
976 1225 1143 1319 pondere
1154 1246 1224 1299 suo
1239 1226 1392 1301 dimidio
1404 1226 1546 1299 benzoli

345 1352 503 1441 solutus
524 1352 699 1425 filtrando
720 1358 757 1425 et
777 1353 1014 1446 evaporando
1036 1354 1276 1446 depurandus
1298 1358 1366 1426 est.

670 1637 868 1748 Succus
893 1639 1229 1779 hiquiritiae.

454 1845 669 1917 Extractum
690 1867 709 1917 e
729 1844 852 1918 radice
867 1844 1081 1937 Liquiritiae
1101 1845 1224 1918 scissa
1246 1846 1443 1937 coquendo
1463 1866 1550 1918 cunr

346 1993 454 2065 aqua,
489 1972 730 2065 exprimendo
765 1977 802 2045 et
834 1973 1073 2064 evaporando
1102 1978 1284 2065 paralum,
1323 1973 1483 2046 occurrit
1509 1972 1548 2045 in

347 2099 489 2172 bacillis
510 2100 734 2191 cylindricis,
763 2100 909 2173 circiter
935 2100 1146 2191 quindecim
1171 2101 1389 2174 centimetra
1407 2101 1548 2191 longiS,

347 2248 463 2299 uuum
483 2233 520 2299 et
539 2227 731 2301 dimidium
763 2226 811 2299 ad
840 2228 915 2300 duo
936 2228 1154 2301 centimetra
1182 2228 1331 2316 crassis,
1352 2228 1549 2321 superlicio

345 2355 524 2442 laevibus,
543 2354 670 2445 nigris
690 2354 805 2444 duris,
826 2355 893 2427 sed
910 2354 1033 2427 calore
1048 2354 1364 2446 mollescentibuS,
1387 2356 1551 2428 tractura

346 2482 420 2554 late
441 2483 646 2573 conchatis
659 2483 874 2569 nitentibus
888 2482 929 2555 in
942 2482 1160 2573 fragmentis
1174 2483 1349 2557 tenuibus
1365 2482 1550 2575 semi-pel·

347 2609 490 2701 lucidis,
505 2610 630 2698 luscis,
646 2610 772 2683 odoris
787 2610 997 2703 peculiaris
1014 2610 1160 2702 saporis
1175 2609 1338 2683 suaviter
1351 2610 1548 2702 perdulcis.

454 2736 583 2809 Partes
608 2739 758 2809 centum
777 2737 923 2824 mercis,
943 2759 1041 2828 aqua
1056 2736 1220 2810 calorem
1236 2740 1310 2811 500
1338 2759 1416 2810 non
1436 2757 1546 2828 supe-

347 2869 452 2937 rante
469 2865 684 2951 exhaustae,
703 2885 751 2935 ne
775 2863 986 2956 relinquant
1004 2864 1090 2957 plus
1110 2886 1223 2955 quam
1243 2864 1370 2955 viginti
1384 2864 1548 2955 quinque

346 2997 483 3084 partes.
514 2992 567 3063 Nc
589 2992 637 3065 sit
655 2991 848 3082 inquinata
866 2992 986 3065 farina
1006 2994 1215 3079 cerealium,
1234 2992 1359 3082 arnylo
1379 2998 1444 3064 aut
1464 2992 1549 3063 dex-

347 3120 456 3208 trin0,
477 3119 729 3211 exploratione
745 3118 1014 3211 microscopioa
1027 3119 1133 3193 facile
1150 3118 1427 3213 dignoscendis.

455 3246 514 3319 Ad
530 3267 642 3318 usum
657 3246 1000 3338 pharmaceuticum
1014 3242 1149 3321 smus
1164 3243 1374 3345 hiquiritlae
1390 3240 1549 3346 depura-

348 3378 461 3467 tm‚e
491 3374 612 3447 venali
642 3374 824 3447 solvendo
844 3376 883 3446 in
912 3395 1011 3466 aqua
1039 3374 1181 3467 frigida,
1211 3374 1385 3447 filtrando
1406 3378 1444 3446 et
1463 3395 1547 3445 eva·

347 3501 516 3594 porando
536 3506 793 3594 praeparatus,
814 3502 1047 3577 adhiheatur.

457 3628 570 3701 Pacta
599 3626 817 3724 &pucritiae
832 3630 937 3723 flava.

665 3914 848 4023 Sulim·
886 3914 1229 4060 depuratum.

735 4107 876 4187 Floras
897 4108 1060 4187 sulfuris
1081 4111 1163 4188 loti.

349 4264 448 4359 Rpe:
485 4262 642 4342 sulfuris
662 4262 847 4343 sublinaii
902 4274 1105 4364 prommota
1125 4275 1259 4340 centum
1475 4269 1550 4340 100

350 4397 497 4466 contere
517 4414 602 4466 cum

483 4517 606 4618 Aqua
627 4516 837 4598 destillans
890 4523 1063 4618 pramrnis
1080 4524 1305 4619 scptuopinta
1499 4526 1550 4595 70

488 4646 691 4726 Antoniae
745 4649 920 4747 prammis
939 4649 1058 4722 decena
1501 4652 1550 4723 10
