3600 5534
716 506 930 579 -49-

328 723 487 796 Mixtura
516 724 661 797 calefiat
690 726 809 798 donec
843 725 936 798 odor
964 725 1081 797 chlori
1110 726 1310 815 evanuerit,
1338 731 1416 798 tum

220 853 345 943 digere
365 852 546 944 liquorem
567 853 741 926 addendo

357 977 465 1056 calcii
486 975 749 1078 hydrooxytlali
803 987 999 1076 promarum
1018 980 1128 1052 decan
1371 982 1418 1052 10

219 1129 285 1200 per
305 1108 542 1196 semihoram,
564 1108 650 1181 dein
669 1109 775 1181 filtra.

327 1235 477 1308 Filtrato
498 1235 662 1328 limpido,
683 1236 790 1309 acido
811 1236 950 1309 acetico
971 1236 1086 1310 diluto
1104 1236 1302 1324 acidulat0,
1318 1236 1416 1308 adde

220 1363 395 1434 continue
416 1363 591 1453 agitando
613 1363 838 1436 solutionem
859 1386 904 1435 ex

356 1485 466 1565 Nalm
488 1486 724 1589 phosphorici
764 1493 936 1587 prommis
953 1491 1108 1562 trecentis
1124 1491 1304 1586 serapium
1340 1490 1417 1561 360

218 1605 254 1670 et

354 1705 475 1806 iqua
497 1705 707 1784 destillatoo
726 1705 889 1785 iorvltloo

720 1843 954 1932 prammotum
973 1835 1108 1908 duobus
1127 1833 1282 1906 millibus
1310 1837 1415 1908 0000

216 1950 398 2036 paratam.

327 2072 582 2148 Sedimentum
591 2074 677 2147 iude
687 2080 828 2166 natum,
840 2079 928 2166 post
938 2074 1078 2166 aliquot
1087 2073 1202 2146 horas
1214 2072 1251 2144 in
1260 2073 1415 2144 linteum

215 2201 411 2273 humidum
446 2201 651 2290 collectum,
691 2222 791 2294 aqua
823 2201 916 2290 elue,
945 2202 1065 2274 donee
1092 2200 1215 2293 liquor
1243 2201 1415 2279 defluxus

216 2327 324 2400 acido
341 2327 470 2402 uitrico
487 2329 706 2418 acidulatus
728 2336 880 2421 argento
900 2329 1029 2402 nitrico
1043 2329 1252 2421 paullulum
1266 2326 1416 2400 nonnisi

216 2456 417 2548 opalescat,
451 2462 531 2531 tum
555 2457 688 2530 leniter
717 2457 937 2530 caleiactmu
965 2457 1123 2530 siccetur
1151 2461 1187 2530 et
1216 2456 1415 2528 contritum

215 2591 392 2656 servetur.

324 2710 450 2786 Pulvis
466 2712 584 2800 albae,
599 2712 702 2800 leviS,
719 2711 966 2804 crystallinus,
982 2712 1019 2783 iu
1030 2733 1130 2802 aqua
1142 2710 1361 2798 insolubilis
1377 2710 1415 2782 in

214 2840 320 2912 acido
336 2840 475 2913 acetico
491 2840 622 2932 frigido
639 2840 845 2926 difficulter,
865 2839 904 2911 in
924 2838 1049 2925 acidis,
1066 2842 1102 2910 et
1115 2837 1413 2928 hydrochloric0‚

215 2972 251 3038 et
269 2967 399 3040 uitrico
420 2968 547 3054 diluta,
568 2968 648 3040 siue
669 2966 949 3041 effervescentia
968 2971 1138 3058 prompte
1159 2963 1339 3036 solubilis.

324 3095 465 3169 Solutio
491 3097 621 3170 uitrico
649 3118 734 3167 cum
760 3098 914 3186 argento
939 3092 1069 3164 uitrico
1096 3092 1213 3164 mixta
1242 3097 1278 3163 ct
1307 3097 1413 3163 caute

214 3211 403 3294 ammonia
418 3223 671 3311 neutralisata‚
682 3222 965 3315 praecipitatum
980 3241 1080 3291 mere
1099 3220 1246 3307 ssavum,
1257 3219 1296 3290 in
1308 3241 1413 3290 exco-

213 3349 323 3421 (lento
337 3351 526 3422 ammonia
539 3356 575 3423 et
589 3350 626 3423 in
638 3350 744 3422 acido
755 3350 884 3422 uitrico
895 3348 1047 3440 limpide
1058 3347 1213 3419 solubile
1224 3347 1411 3439 praebeat.

323 3475 464 3550 Solutio
491 3478 622 3551 nitrica
653 3478 769 3569 baryo
801 3475 935 3552 uitrico
968 3497 1016 3548 ne
1049 3481 1221 3563 mutetur,
1256 3479 1412 3566 argento

214 3603 342 3676 uitrico
358 3606 513 3697 paulum
527 3605 678 3678 nonnisi
698 3605 899 3696 opalescat‚
917 3603 1107 3676 ammonia
1122 3602 1271 3674 abunde
1286 3602 1413 3674 addita

214 3731 402 3804 ammonio
423 3732 605 3808 sulfurato
626 3732 876 3804 sedimentum
905 3751 1007 3803 mere
1037 3731 1163 3802 album
1194 3729 1339 3802 elticiat.
1369 3730 1410 3802 lu

213 3865 397 3950 apparatu
423 3860 576 3931 llarslrii
607 3865 791 3931 tentatum
812 3858 954 3950 speculi
989 3858 1145 3930 arsenici
1179 3879 1226 3930 ne
1261 3857 1410 3950 quidem

215 3984 368 4077 vestigia
388 3987 531 4078 prodat.

413 4233 650 4342 Calcium
677 4234 995 4342 sulluricum
1021 4239 1217 4349 ustum.

319 4421 446 4494 Pulvis
458 4423 577 4512 albus,
589 4423 805 4515 amorphcm,
821 4444 922 4514 aqua
934 4428 1160 4514 temperatus
1176 4421 1410 4513 pulmentum

212 4551 399 4641 praebeat,
422 4549 522 4641 quod
542 4549 644 4622 brevi
663 4556 828 4642 tempore
849 4549 1022 4622 durescit.

321 4676 494 4751 Servetur
513 4677 596 4749 loco
616 4677 727 4750 sicco.

319 4815 514 4870 Pharmocopoeu.
