3600 5534
693 547 922 622 ...xv-

319 764 389 852 Ad
403 765 675 853 efficiendum
685 765 935 852 Extractum
949 761 1095 851 Filicis
1112 766 1242 852 maris
1262 766 1409 851 aether

213 958 365 1039 merus,
389 959 465 1046 pro
489 929 692 1018 Extracto
717 927 920 1018 Oubebae
944 931 1092 1016 aether
1121 930 1278 1015 mixtus
1308 958 1405 1015 oum

212 1095 360 1210 spiritu
381 1094 469 1180 vini
492 1094 716 1210 hucusque
739 1091 921 1180 abhibiti
942 1095 984 1178 in
1010 1122 1134 1180 usum
1164 1096 1291 1203 venit,
1322 1123 1407 1208 qno

213 1259 485 1345 conformitas
526 1259 680 1344 horum
720 1264 1065 1375 praeparatorum
1107 1285 1207 1342 cum
1249 1285 1408 1372 aequa·

212 1420 324 1509 libus
363 1422 804 1539 pharmacopoearum
840 1429 1136 1508 extranearum
1168 1401 1406 1507 restituitur.

323 1584 545 1691 Quantitas
569 1585 682 1680 acidi
698 1583 1009 1698 hydrocyanici
1031 1589 1074 1670 in
1092 1587 1222 1700 Aqua
1238 1586 1409 1698 Amyg-

215 1747 407 1836 datarum
426 1776 669 1835 amararum
688 1757 961 1836 concentrata
979 1757 1021 1837 et
1041 1750 1084 1834 in
1102 1752 1229 1863 Aqua
1245 1747 1409 1834 Lauro·

216 1914 363 2022 cerasi,
387 1913 610 2027 hucusque
633 1914 675 1997 in
699 1912 868 1998 milenis
892 1909 1081 2026 partibus
1105 1910 1159 1996 ad
1178 1910 1248 1996 0·6
1270 1921 1409 2027 partes

213 2077 416 2186 restricta,
443 2075 496 2162 ad
522 2085 687 2191 partem
709 2104 842 2162 unam
862 2085 999 2185 aucta,
1026 2105 1175 2162 verum
1198 2077 1409 2192 quantitas

214 2239 327 2328 acidi
348 2241 581 2329 arsenicosi
603 2239 647 2324 in
669 2238 891 2327 Solutione
915 2240 1139 2326 arsenicali
1157 2238 1345 2326 Fowleri
1366 2241 1410 2324 in

216 2414 389 2491 centum
413 2402 602 2520 partibus
627 2403 682 2489 ad
706 2413 869 2519 partem
892 2432 1023 2490 unam
1044 2402 1219 2490 reducta
1236 2412 1313 2497 est.

325 2566 385 2654 Ut
427 2568 654 2682 Magnesio
698 2565 1030 2704 hydrooxydato
1080 2567 1217 2680 major
1260 2569 1325 2653 vis
1370 2579 1412 2654 et

213 2731 410 2818 efficacia
432 2759 517 2847 qua
538 2731 775 2818 antidotum
805 2732 986 2818 arsenici
1015 2730 1102 2816 albi
1126 2743 1409 2841 conservetur,

213 2894 313 2983 loco
363 2897 613 3012 praeparati,
658 2895 881 3012 hucusque
932 2892 1011 2980 sub
1067 2893 1412 2981 denominatione

222 3059 531 3174 ,Magnesium
545 3057 1005 3173 hydroorrydatum“in
1020 3059 1410 3174 pharmacopoeam

215 3224 386 3340 recepti,
411 3223 650 3310 consultum
670 3223 812 3309 visum
836 3232 912 3333 est,
935 3224 1312 3340 praescriptionem
1336 3252 1412 3338 pro

215 3385 406 3502 parando
446 3386 636 3474 antidoto
661 3416 714 3474 ex
737 3377 931 3502 tempore
968 3387 1118 3478 litteris
1159 3389 1413 3502 consignare

216 3558 260 3635 et
282 3547 361 3636 sub
385 3548 748 3638 denominatione:
791 3549 1068 3662 „Antidotum
1092 3553 1272 3640 arsenici
1295 3551 1414 3637 albu

217 3715 260 3800 in
292 3715 447 3800 seriem
476 3714 812 3802 medicamimnn
846 3713 1163 3831 alphabeticam
1186 3715 1410 3802 collocare.

327 3877 397 3965 Ne
438 3876 852 3966 denominationibus
898 3908 1013 3965 error
1050 3878 1284 3989 inducatur,
1330 3879 1413 3966 duo

219 4049 469 4158 praeparata
491 4043 716 4158 hueusque
739 4045 784 4129 in
814 4043 1208 4158 pharmacopoeam
1232 4052 1413 4158 recepta,

220 4233 403 4320 quorum
458 4236 591 4294 unum
645 4208 889 4294 Decoctum
933 4207 1176 4317 Zittmanni,
1235 4206 1414 4293 alterum

221 4367 369 4455 Pulvis
387 4369 567 4456 Doweri
583 4369 836 4480 inscribitur,
866 4399 953 4456 non
975 4370 1160 4486 amplius
1184 4371 1252 4455 his
1275 4371 1415 4455 nomi-

219 4531 343 4619 nibus
368 4532 652 4649 designantur.
694 4535 858 4621 Eorum
896 4534 1042 4622 locum
1080 4541 1224 4620 tenent
1246 4534 1416 4620 Deooc-
1547 4599 1552 4613 .

219 4710 308 4784 tum
345 4698 647 4815 Sarsaparillae
686 4699 978 4815 compositum
1017 4708 1059 4785 et
1095 4697 1245 4785 Pulvis
1266 4699 1417 4812 Ipeca-
