3600 5534
868 502 1052 596 „¹6-

355 724 609 810 temperatura
621 720 805 792 31--40Ο
819 718 1001 811 liquescit,
1012 739 1145 790 versus
1160 717 1396 791 roe-1840
1417 718 1555 805 ebullit,

356 846 510 920 incensa
529 847 712 938 deflagrat
725 847 875 919 residuo
895 866 974 918 non
992 845 1098 918 relict
1124 902 1131 915 .

465 973 627 1046 Solvitur
641 973 680 1046 in
695 973 908 1066 quindecim
919 973 993 1044 lere
1008 971 1180 1065 partibus
1196 956 1318 1065 aquae
1335 973 1555 1063 destillatae,

356 1102 393 1173 in
414 1101 517 1176 omni
535 1101 773 1193 proportione
798 1099 973 1189 aetheris,
995 1099 1151 1192 spiritus
1170 1099 1257 1187 vini,
1277 1100 1466 1191 glycerini,
1486 1120 1555 1172 nec

355 1249 433 1302 non
452 1227 490 1300 in
510 1227 761 1302 solutionibus
779 1227 890 1300 natrii
910 1227 988 1298 sive
1007 1227 1095 1299 kalii
1113 1226 1398 1319 hydrooxydati.

466 1355 609 1428 Solutio
639 1376 796 1447 aquosa,
825 1355 925 1460 ferro
943 1353 1239 1446 sesquichlorato
1267 1354 1395 1436 soluto
1415 1355 1554 1444 addito,

356 1484 521 1558 colorem
546 1483 760 1556 caeruleum
786 1482 918 1554 induit.
947 1481 1128 1553 Bromum
1152 1481 1192 1553 in
1211 1502 1312 1574 aqua
1331 1483 1498 1556 solutum
1517 1482 1556 1554 in

355 1612 554 1702 solutione,
585 1634 630 1684 ex
650 1617 756 1704 parte
776 1632 853 1683 una
882 1610 979 1683 acidi
1005 1609 1180 1683 carbolici
1209 1615 1245 1682 et
1278 1609 1554 1703 quinquaginta

355 1741 522 1813 millibus
538 1760 660 1833 aquae
677 1743 819 1830 parata,
836 1737 1014 1810 continuo
1030 1737 1141 1809 efficit
1156 1737 1408 1810 sedimentum
1424 1736 1555 1809 album

356 1867 612 1941 llocculosum.

469 2013 615 2084 Acilium
636 2010 845 2082 corbolicum
864 2008 1098 2106 liquefactum.
1250 2021 1252 2025 '

509 2336 853 2447 *necdum
891 2333 1409 2445 carpocratem

670 2497 1245 2634 liquefactum.

357 2721 460 2814 Rpe:
496 2718 594 2794 1101111
615 2715 789 2794 catholici
864 2723 1062 2813 prommoto
1081 2723 1211 2787 centum
1480 2718 1554 2790 100

493 2847 614 2947 Aquae
633 2843 842 2922 destillatnc
860 2850 1056 2940 prommotu
1076 2843 1194 2916 dccmn.
1507 2845 1555 2915 10

467 2973 727 3048 Calefaciendo
748 2973 876 3044 misce.

466 3102 605 3193 Liquor
639 3101 689 3173 sit
722 3099 908 3191 limpiduS,
944 3099 1109 3186 oleosuS,
1145 3097 1296 3170 acidum
1329 3098 1557 3170 corbolicum

357 3230 541 3318 redolens
560 3228 623 3322 qui
639 3227 687 3298 ad
703 3225 893 3317 reagentia
903 3245 943 3296 sc
959 3225 1097 3297 habeat
1112 3228 1153 3295 ut
1167 3225 1315 3296 acidum
1328 3224 1558 3296 corbolicum

357 3357 659 3449 crystallisatum.

465 3483 594 3556 Partes
610 3487 762 3556 centnm
776 3478 892 3570 liujus
907 3479 1118 3571 praeparati
1133 3478 1329 3550 minimum
1341 3477 1559 3550 centimetra

358 3612 489 3684 cubica
518 3611 644 3702 viginti
679 3609 750 3681 tria
779 3628 900 3700 aquae
931 3605 1137 3677 destillatae
1166 3610 1404 3692 consumant,
1438 3607 1558 3677 donec

357 3739 575 3832 quassando
595 3739 717 3831 liquor
734 3735 908 3809 turbidus
928 3738 1134 3826 permanet.

467 3887 570 3980 Aqua
590 3883 812 3956 carbolisotc.

507 4209 848 4320 Actaeam
887 4205 1425 4317 chromicecm.

468 4430 640 4522 Crystalli
666 4429 916 4522 prismaticac,
937 4411 1070 4498 coloris
1090 4424 1276 4516 purpurei,
1306 4424 1381 4495 aeri
1403 4423 1558 4494 humido

358 4559 552 4652 expositae
574 4557 759 4643 diffluunt,
780 4555 980 4627 calefactae
1007 4551 1230 4643 liquescunt,
1252 4551 1404 4621 demum
1424 4571 1558 4640 oryge-

357 4689 462 4759 nium
488 4685 703 4757 emittentes
724 4684 763 4754 in
783 4683 949 4773 oxydum
970 4678 1199 4751 chromicmn
1219 4676 1334 4748 viride
1355 4681 1558 4748 mutantur.
