3600 5534
850 542 1061 617 „52-

353 763 646 856 angustioribus:
676 761 878 835 linearibus
907 762 966 833 vel
996 761 1297 852 euneiformibuS,
1328 761 1459 837 ciliatis
1489 769 1551 835 aut

354 892 533 985 crispatis
554 889 793 982 cystocarpiis
809 888 1140 983 haemisphaericis
1154 890 1302 962 adnatis
1318 895 1383 962 ant
1397 890 1550 961 clavatis

354 1020 472 1111 magis
487 1018 795 1112 prominentibus,
813 1017 1062 1108 cartilagineo,
1077 1018 1205 1109 rigide,
1223 1039 1323 1108 aqua
1338 1017 1551 1089 humectato

353 1147 750 1238 gelatinosocarnoso,
770 1146 924 1234 lubrice,
946 1145 1080 1217 coloris
1101 1143 1345 1232 flavescentiS,
1366 1144 1550 1217 interdurn

353 1276 489 1346 ellavo
508 1273 753 1358 rubescentis
774 1273 922 1364 saporis
943 1271 1212 1362 mucilaginosi.

463 1403 557 1476 Cum
590 1422 691 1493 aqua
729 1404 877 1471 coctum
907 1399 1116 1490 Carrageen
1148 1398 1332 1489 liquorem
1364 1397 1552 1488 mucilagi-

351 1550 488 1602 nosum
503 1529 665 1622 praebet,
682 1527 745 1619 qui
756 1526 848 1599 satis
859 1529 1122 1599 concontratus
1132 1531 1221 1620 post
1234 1524 1550 1618 refrigerationem

351 1657 390 1728 in
409 1655 610 1750 gelatinam
631 1653 714 1728 coit.

771 2066 1135 2211 caryopnynr.
1232 2018 1234 2022 ’

466 2293 718 2390 Carpopbyllus
759 2294 973 2364 aromaticus
1011 2293 1156 2379 Linn,
1194 2291 1303 2363 arbor
1341 2291 1378 2361 in
1417 2290 1551 2362 insulis

352 2423 528 2495 Moluccis
554 2421 741 2512 indigena,
770 2440 872 2492 nunc
900 2420 998 2492 inter
1026 2419 1190 2511 tropicos
1209 2420 1285 2492 fere
1305 2417 1418 2491 totius
1448 2416 1549 2489 orbis

353 2549 461 2621 culta.
482 2547 689 2643 Myrtuceae.

462 2677 590 2748 Flores
605 2674 817 2766 inexplicati
829 2674 967 2763 siccati,
983 2673 1191 2766 hypanthio
1203 2673 1550 2766 compressiuscul0‚

354 2804 520 2875 obsoleto
547 2806 753 2894 tetragono,
789 2801 963 2874 deorsum
984 2805 1193 2889 attenuate,
1227 2800 1358 2872 decern
1378 2802 1426 2874 ad
1445 2801 1551 2892 quin-

353 2930 474 3034 decim
507 2929 718 3002 millimetra
746 2929 870 3021 longo,
905 2930 954 3001 ad
978 2935 1140 3020 quatuor
1167 2927 1376 3000 millimetra
1409 2948 1550 3014 crasso,

355 3059 472 3131 dense
494 3057 663 3132 minutim
683 3078 835 3148 rugoso,
856 3056 991 3128 coloris
1010 3055 1219 3147 ferruginei,
1248 3055 1391 3126 laciniis
1413 3054 1549 3146 calycis

354 3190 516 3277 quatuor
535 3184 668 3272 oratis
689 3183 874 3273 concavis,
898 3183 1126 3276 patentibus,
1146 3183 1272 3274 rigidis
1293 3185 1483 3269 coronam,
1512 3181 1551 3253 in

271 3390 276 3400 ,
353 3313 546 3405 superiore
567 3317 672 3404 parte
693 3332 846 3402 germen
865 3309 1069 3382 biloculare
1088 3311 1250 3399 fovente,
1280 3310 1419 3382 corolla
1438 3312 1549 3381 tetra-

350 3440 476 3532 petala
497 3440 636 3528 clausa,
656 3438 789 3531 petalis
809 3437 1097 3510 cohaerentibus
1119 3437 1157 3508 in
1175 3437 1337 3509 formam
1357 3437 1549 3529 calyptrae

351 3568 790 3656 rotundato-tetragonae
813 3564 948 3637 coloris
969 3563 1229 3654 flavino-susci,
1259 3564 1421 3637 stamina
1440 3564 1549 3656 plura

351 3697 387 3764 et
407 3694 545 3785 stylum
567 3692 784 3765 subulatnm
815 3692 1027 3786 operientis,
1057 3691 1181 3763 odoris
1206 3697 1309 3782 grate
1341 3692 1547 3780 aromatici,

351 3821 498 3913 saporis
510 3820 618 3910 acriS,
632 3819 835 3892 aromatici.
858 3819 950 3890 Tela
963 3818 1159 3910 periferica
1170 3818 1363 3910 hypanthii
1382 3818 1549 3890 ostendit

348 3947 386 4019 in
402 3947 567 4019 sectione
585 3952 804 4018 transversa
820 3951 886 4018 aut.
899 3945 1161 4036 longitudinali
1171 3945 1243 4016 sub
1257 3945 1355 4017 lente
1366 3966 1548 4018 cavernas

350 4075 495 4167 amplas
517 4074 703 4165 copiosas
724 4074 807 4146 oleo
828 4073 1002 4146 aethereo
1022 4073 1196 4164 repletas

458 4201 539 4274 Sint
567 4200 806 4293 Caryophylli
833 4199 1049 4292 ponderosi,
1083 4200 1227 4291 integri,
1261 4199 1396 4273 coloris
1431 4221 1549 4293 supra

348 4328 540 4421 descripti,
579 4327 706 4400 odoris
745 4332 782 4399 et
820 4327 969 4419 saporis
1008 4327 1264 4417 vehementiS‚
1311 4327 1386 4400 triti
1424 4329 1549 4400 oleum

350 4457 566 4530 aethereum
587 4454 779 4526 sudantes

457 4603 599 4673 Acetum
619 4600 855 4672 aromaticum.
882 4602 989 4696 Aqua
1008 4603 1199 4672 aromatico
1227 4600 1430 4695 spirituum.
1451 4599 1548 4673 Ebc-

349 4731 504 4805 tuurlmn
525 4729 764 4802 aromaticum.
