3600 5534
807 532 1047 621 458,-

324 748 448 822 dilutis
469 770 554 823 cum
967 843 970 851 Ι

459 874 804 977 duunc'dcstlllntac
857 881 1099 973 prammutum
1114 883 1268 972 quatuor
1281 876 1386 949 mitti-

1085 1003 1148 1075 bns
1167 1009 1199 1075 et
1217 1004 1385 1077 trecentis.
1416 1006 1521 1078 4300

430 1132 719 1225 Praecipitatum
738 1131 1004 1221 aurantiacum,
1029 1131 1116 1203 iude
1136 1136 1269 1217 ortum,
1289 1131 1521 1205 subsidendo

322 1264 358 1331 et
386 1260 572 1333 abluendo
598 1261 693 1333 bene
714 1260 982 1345 edulcoratum,
1011 1258 1085 1331 leni
1113 1258 1235 1331 calore
1265 1258 1457 1347 siccatum,
1482 1260 1521 1332 in

322 1387 414 1459 vitro
436 1388 530 1459 bene
551 1387 679 1459 clauso
699 1386 772 1459 luci
792 1386 971 1478 impervie
992 1406 1114 1458 serva.

431 1514 485 1587 Sit
517 1514 638 1606 pulvis
669 1514 945 1603 subtilissimus
978 1513 1375 1601 rubro-aurantiacuS,
1414 1514 1522 1587 valde

323 1642 538 1734 depingens,
555 1641 683 1713 odoris
694 1662 838 1732 expers,
849 1641 1044 1733 insipidus
1059 1640 1099 1711 in
1113 1639 1220 1712 acido
1235 1639 1522 1729 hydroclrlorico

323 1770 462 1842 sulfure
492 1768 678 1857 derelicta,
707 1768 745 1840 in
764 1770 885 1840 natrio
906 1767 1191 1858 hydrooxydato
1211 1767 1336 1840 soluto
1366 1790 1411 1841 ex
1439 1775 1519 1842 toto

324 1896 505 1968 solubilis

433 2023 525 2096 Cum
551 2023 735 2095 solutione
765 2022 858 2096 acidi
887 2021 1049 2095 tartarici
1069 2020 1186 2093 diluta
1214 2023 1520 2114 conquassatum,

323 2152 505 2243 liquorem
530 2150 717 2243 praebeat,
747 2150 809 2241 qui
834 2149 1004 2235 filtratuS,
1038 2148 1166 2252 addita
1193 2170 1292 2240 aqua
1324 2150 1522 2242 hydrosul-

326 2281 458 2365 iurata,
497 2277 642 2350 nullum
679 2277 738 2349 vel
776 2276 927 2350 nonnisi
955 2276 1199 2367 perexiguum
1226 2278 1522 2368 praecipitatum,

324 2408 460 2479 coloris
481 2404 683 2478 aurantiaci
703 2404 864 2496 deponit.
1083 2380 1087 2385 ⁸

389 2574 392 2579 -
434 2533 590 2605 Stibinm
611 2532 832 2604 sulfuratum
853 2530 1110 2603 amantiacum
1129 2531 1318 2603 ammonio
1339 2532 1522 2605 sulfurato

326 2660 490 2733 solutum
520 2666 555 2732 et
575 2682 619 2731 ex
639 2660 709 2731 hac
738 2658 935 2744 solutione,
965 2658 1071 2729 acido
1092 2657 1378 2747 hydrochlorico
1404 2662 1520 2733 abun-

324 2788 434 2859 dante
464 2788 600 2875 addito,
620 2788 753 2859 iterum
781 2786 1077 2879 praecipitatum,
1106 2791 1185 2857 tum
1214 2807 1314 2877 aqua
1341 2788 1459 2861 lotum
1486 2796 1524 2862 et

324 2936 408 2988 cum
436 2914 596 3005 decupla
623 2914 828 3005 quantitate
863 2914 1040 2986 ammonii
1070 2915 1260 2987 carbonici
1289 2916 1402 2989 soluti
1430 2938 1518 2991 con-

324 3048 555 3134 quassatum,
576 3041 752 3114 filtratum
771 3043 956 3134 praebeat,
986 3042 1087 3134 quod
1107 3042 1213 3114 acido
1231 3042 1518 3133 hydrochlorico

324 3174 430 3241 caute
457 3168 695 3255 acidulatum,
724 3191 792 3240 nec
813 3170 1065 3241 sedimentum
1093 3170 1235 3242 luteum
1263 3171 1421 3243 arsenici
1441 3172 1518 3244 sul·

323 3296 434 3368 furati
472 3296 635 3387 deponit,
673 3317 742 3368 nec
776 3298 903 3371 addita
935 3318 1035 3388 aqua
1065 3297 1368 3389 hydrosulsurata
1406 3298 1519 3390 hujus

323 3423 481 3516 vestigia
509 3424 605 3495 ssavo
636 3424 759 3497 colore
787 3426 941 3513 indicat,
972 3447 1084 3517 quem
1112 3426 1233 3517 liquor
1261 3427 1519 3519 assumpserit.
1607 3418 1611 3425 ’

505 3892 731 4000 stibium
757 3892 1084 4001 sulfuratum
1102 3895 1336 4034 nigrum.

682 4120 963 4199 Antimonium
986 4124 1165 4200 crudum.

433 4318 566 4389 Frusta
580 4317 801 4408 ponderosa,
819 4338 838 4388 e
854 4316 960 4408 nigro
976 4318 1108 4408 grisea,
1128 4341 1173 4391 ex
1193 4320 1377 4410 crystallis
1398 4321 1517 4394 acicu-

323 4444 472 4531 laribus,
493 4444 674 4516 metallice
695 4444 991 4536 splendentibus,
1015 4445 1220 4518 friabilibus
1242 4448 1459 4538 composita,
1480 4449 1519 4521 in

323 4578 407 4644 atre
441 4570 694 4655 immutabilia,
727 4570 802 4642 leni
835 4572 920 4661 igne
954 4572 1206 4663 liquescentis
1240 4574 1346 4646 acido
1380 4574 1517 4666 hydro-

325 4699 487 4771 chlorico
508 4699 629 4771 affuso
650 4720 717 4790 gas
739 4699 1080 4790 lrydmsulfuratum
1101 4701 1282 4775 emittunt
