<?xml version="1.0" encoding="UTF-8"?>
<!DOCTYPE html PUBLIC "-//W3C//DTD XHTML 1.0 Transitional//EN"
    "http://www.w3.org/TR/xhtml1/DTD/xhtml1-transitional.dtd">
<html xmlns="http://www.w3.org/1999/xhtml" xml:lang="en" lang="en">
 <head>
  <title>
</title>
<meta http-equiv="Content-Type" content="text/html;charset=utf-8" />
  <meta name='ocr-system' content='tesseract 3.04.00' />
  <meta name='ocr-capabilities' content='ocr_page ocr_carea ocr_par ocr_line ocrx_word'/>
</head>
<body>
  <div class='ocr_page' id='page_1' title='image "./pharmacopoeaaus01unkngoog_0169.png"; bbox 0 0 3600 5534; ppageno 0'>
   <div class='ocr_carea' id='block_1_1' title="bbox 701 517 935 590">
    <p class='ocr_par' dir='ltr' id='par_1_1' title="bbox 701 517 935 590">
     <span class='ocr_line' id='line_1_1' title="bbox 701 517 935 590; baseline 0 0"><span class='ocrx_word' id='word_1_1' title='bbox 701 517 935 590; x_wconf 80' lang='lat' dir='ltr'>-13r-</span> 
     </span>
    </p>
   </div>
   <div class='ocr_carea' id='block_1_2' title="bbox 211 732 1502 2232">
    <p class='ocr_par' dir='ltr' id='par_1_2' title="bbox 213 732 1502 1831">
     <span class='ocr_line' id='line_1_2' title="bbox 325 732 1413 826; baseline 0 -18"><span class='ocrx_word' id='word_1_2' title='bbox 325 734 393 808; x_wconf 86' lang='lat' dir='ltr'>Est</span> <span class='ocrx_word' id='word_1_3' title='bbox 418 732 568 807; x_wconf 83' lang='lat' dir='ltr'>Gummi</span> <span class='ocrx_word' id='word_1_4' title='bbox 601 733 815 824; x_wconf 82' lang='lat' dir='ltr'>modorum,</span> <span class='ocrx_word' id='word_1_5' title='bbox 851 735 999 826; x_wconf 89' lang='lat' dir='ltr'>saporis</span> <span class='ocrx_word' id='word_1_6' title='bbox 1025 735 1118 807; x_wconf 88' lang='lat' dir='ltr'>latui</span> <span class='ocrx_word' id='word_1_7' title='bbox 1144 735 1413 826; x_wconf 84' lang='lat' dir='ltr'>mucilaginosi.</span> 
     </span>
     <span class='ocr_line' id='line_1_3' title="bbox 215 863 1415 957; baseline -0.001 -22"><span class='ocrx_word' id='word_1_8' title='bbox 215 863 310 935; x_wconf 88' lang='lat' dir='ltr'>Cum</span> <span class='ocrx_word' id='word_1_9' title='bbox 325 863 492 956; x_wconf 90' lang='lat' dir='ltr'>pondere</span> <span class='ocrx_word' id='word_1_10' title='bbox 513 863 650 957; x_wconf 88' lang='lat' dir='ltr'>duplici</span> <span class='ocrx_word' id='word_1_11' title='bbox 671 887 793 956; x_wconf 88' lang='lat' dir='ltr'>aquae</span> <span class='ocrx_word' id='word_1_12' title='bbox 813 866 924 952; x_wconf 85' lang='lat' dir='ltr'>lente,</span> <span class='ocrx_word' id='word_1_13' title='bbox 946 864 1014 936; x_wconf 88' lang='lat' dir='ltr'>sed</span> <span class='ocrx_word' id='word_1_14' title='bbox 1034 885 1079 934; x_wconf 82' lang='lat' dir='ltr'>ex</span> <span class='ocrx_word' id='word_1_15' title='bbox 1095 869 1174 935; x_wconf 91' lang='lat' dir='ltr'>toto</span> <span class='ocrx_word' id='word_1_16' title='bbox 1192 863 1348 935; x_wconf 77' lang='lat' dir='ltr'>solritur</span> <span class='ocrx_word' id='word_1_17' title='bbox 1368 863 1415 934; x_wconf 87' lang='lat' dir='ltr'>ad</span> 
     </span>
     <span class='ocr_line' id='line_1_4' title="bbox 215 991 1502 1083; baseline 0.002 -21"><span class='ocrx_word' id='word_1_18' title='bbox 215 991 476 1082; x_wconf 82' lang='lat' dir='ltr'>mucilaginem</span> <span class='ocrx_word' id='word_1_19' title='bbox 507 991 749 1064; x_wconf 89' lang='lat' dir='ltr'>adhaesivam</span> <span class='ocrx_word' id='word_1_20' title='bbox 770 992 1120 1078; x_wconf 82' lang='lat' dir='ltr'>subllavescentem</span> <span class='ocrx_word' id='word_1_21' title='bbox 1148 1013 1243 1082; x_wconf 91' lang='lat' dir='ltr'>quae</span> <span class='ocrx_word' id='word_1_22' title='bbox 1262 992 1414 1083; x_wconf 90' lang='lat' dir='ltr'>plumbo</span> <span class='ocrx_word' id='word_1_23' title='bbox 1496 1011 1502 1029; x_wconf 63' lang='lat'>⁸</span> 
     </span>
     <span class='ocr_line' id='line_1_5' title="bbox 214 1119 1415 1212; baseline 0.001 -22"><span class='ocrx_word' id='word_1_24' title='bbox 214 1119 366 1208; x_wconf 76' lang='lat' dir='ltr'>acelino</span> <span class='ocrx_word' id='word_1_25' title='bbox 388 1120 522 1212; x_wconf 88' lang='lat' dir='ltr'>quavis</span> <span class='ocrx_word' id='word_1_26' title='bbox 543 1121 784 1212; x_wconf 82' lang='lat' dir='ltr'>proportione</span> <span class='ocrx_word' id='word_1_27' title='bbox 816 1119 1027 1205; x_wconf 80' lang='lat' dir='ltr'>commixta,</span> <span class='ocrx_word' id='word_1_28' title='bbox 1048 1139 1124 1190; x_wconf 92' lang='lat' dir='ltr'>non</span> <span class='ocrx_word' id='word_1_29' title='bbox 1144 1119 1327 1206; x_wconf 85' lang='lat' dir='ltr'>turbatur,</span> <span class='ocrx_word' id='word_1_30' title='bbox 1348 1119 1415 1192; x_wconf 89' lang='lat' dir='ltr'>sed</span> 
     </span>
     <span class='ocr_line' id='line_1_6' title="bbox 213 1245 1414 1339; baseline 0.001 -23"><span class='ocrx_word' id='word_1_31' title='bbox 213 1245 345 1338; x_wconf 87' lang='lat' dir='ltr'>spiritu</span> <span class='ocrx_word' id='word_1_32' title='bbox 375 1246 451 1317; x_wconf 93' lang='lat' dir='ltr'>vini</span> <span class='ocrx_word' id='word_1_33' title='bbox 470 1247 736 1339; x_wconf 90' lang='lat' dir='ltr'>praecipitatur</span> <span class='ocrx_word' id='word_1_34' title='bbox 761 1253 798 1318; x_wconf 88' lang='lat' dir='ltr'>et</span> <span class='ocrx_word' id='word_1_35' title='bbox 817 1247 1002 1319; x_wconf 90' lang='lat' dir='ltr'>solutione</span> <span class='ocrx_word' id='word_1_36' title='bbox 1018 1245 1104 1317; x_wconf 84' lang='lat' dir='ltr'>ferri</span> <span class='ocrx_word' id='word_1_37' title='bbox 1125 1245 1414 1337; x_wconf 85' lang='lat' dir='ltr'>sesquichlorati</span> 
     </span>
     <span class='ocr_line' id='line_1_7' title="bbox 213 1373 1412 1466; baseline 0.001 -22"><span class='ocrx_word' id='word_1_38' title='bbox 213 1375 260 1446; x_wconf 85' lang='lat' dir='ltr'>ad</span> <span class='ocrx_word' id='word_1_39' title='bbox 291 1374 496 1464; x_wconf 85' lang='lat' dir='ltr'>gelatinam</span> <span class='ocrx_word' id='word_1_40' title='bbox 525 1375 680 1466; x_wconf 79' lang='lat' dir='ltr'>rigidam</span> <span class='ocrx_word' id='word_1_41' title='bbox 720 1375 937 1448; x_wconf 77' lang='lat' dir='ltr'>concrescit.</span> <span class='ocrx_word' id='word_1_42' title='bbox 969 1373 1012 1446; x_wconf 91' lang='lat' dir='ltr'>ln</span> <span class='ocrx_word' id='word_1_43' title='bbox 1042 1373 1228 1445; x_wconf 83' lang='lat' dir='ltr'>solutione</span> <span class='ocrx_word' id='word_1_44' title='bbox 1258 1397 1277 1444; x_wconf 93' lang='lat' dir='ltr'>e</span> <span class='ocrx_word' id='word_1_45' title='bbox 1306 1381 1412 1466; x_wconf 89' lang='lat' dir='ltr'>parte</span> 
     </span>
     <span class='ocr_line' id='line_1_8' title="bbox 213 1500 1411 1595; baseline -0.004 -20"><span class='ocrx_word' id='word_1_46' title='bbox 213 1525 290 1576; x_wconf 91' lang='lat' dir='ltr'>una</span> <span class='ocrx_word' id='word_1_47' title='bbox 311 1501 459 1574; x_wconf 84' lang='lat' dir='ltr'>Gummi</span> <span class='ocrx_word' id='word_1_48' title='bbox 482 1523 567 1573; x_wconf 88' lang='lat' dir='ltr'>cum</span> <span class='ocrx_word' id='word_1_49' title='bbox 588 1504 756 1594; x_wconf 83' lang='lat' dir='ltr'>partibus</span> <span class='ocrx_word' id='word_1_50' title='bbox 778 1503 943 1595; x_wconf 78' lang='lat' dir='ltr'>quinque</span> <span class='ocrx_word' id='word_1_51' title='bbox 959 1501 1123 1574; x_wconf 86' lang='lat' dir='ltr'>millibus</span> <span class='ocrx_word' id='word_1_52' title='bbox 1140 1523 1261 1592; x_wconf 80' lang='lat' dir='ltr'>aquae</span> <span class='ocrx_word' id='word_1_53' title='bbox 1286 1500 1411 1571; x_wconf 87' lang='lat' dir='ltr'>destil-</span> 
     </span>
     <span class='ocr_line' id='line_1_9' title="bbox 213 1627 1411 1722; baseline -0.002 -21"><span class='ocrx_word' id='word_1_54' title='bbox 213 1630 321 1706; x_wconf 83' lang='lat' dir='ltr'>latae,</span> <span class='ocrx_word' id='word_1_55' title='bbox 342 1630 537 1722; x_wconf 87' lang='lat' dir='ltr'>plumbum</span> <span class='ocrx_word' id='word_1_56' title='bbox 557 1629 738 1702; x_wconf 69' lang='lat' dir='ltr'>erraticum</span> <span class='ocrx_word' id='word_1_57' title='bbox 768 1629 941 1702; x_wconf 85' lang='lat' dir='ltr'>basicum</span> <span class='ocrx_word' id='word_1_58' title='bbox 966 1631 1130 1700; x_wconf 87' lang='lat' dir='ltr'>solutum</span> <span class='ocrx_word' id='word_1_59' title='bbox 1159 1627 1411 1700; x_wconf 88' lang='lat' dir='ltr'>sedimenlum</span> 
     </span>
     <span class='ocr_line' id='line_1_10' title="bbox 214 1757 362 1831; baseline 0.007 -3"><span class='ocrx_word' id='word_1_60' title='bbox 214 1757 362 1831; x_wconf 85' lang='lat' dir='ltr'>efficiat.</span> 
     </span>
    </p>

    <p class='ocr_par' dir='ltr' id='par_1_3' title="bbox 211 1881 1412 2232">
     <span class='ocr_line' id='line_1_11' title="bbox 320 1881 1412 1981; baseline 0 -27"><span class='ocrx_word' id='word_1_61' title='bbox 320 1881 505 1981; x_wconf 76' lang='lat' dir='ltr'>Mucilaqo.</span> <span class='ocrx_word' id='word_1_62' title='bbox 516 1881 677 1955; x_wconf 70' lang='lat' dir='ltr'>liliatum</span> <span class='ocrx_word' id='word_1_63' title='bbox 685 1907 874 1980; x_wconf 67' lang='lat' dir='ltr'>quiri-moso.</span> <span class='ocrx_word' id='word_1_64' title='bbox 891 1883 1016 1955; x_wconf 81' lang='lat' dir='ltr'>Puluis</span> <span class='ocrx_word' id='word_1_65' title='bbox 1028 1907 1241 1978; x_wconf 77' lang='lat' dir='ltr'>annrnosus.</span> <span class='ocrx_word' id='word_1_66' title='bbox 1255 1881 1412 1956; x_wconf 80' lang='lat' dir='ltr'>Enrnlsio</span> 
     </span>
     <span class='ocr_line' id='line_1_12' title="bbox 211 2009 1406 2106; baseline 0 -26"><span class='ocrx_word' id='word_1_67' title='bbox 211 2010 331 2081; x_wconf 81' lang='lat' dir='ltr'>oleoso.</span> <span class='ocrx_word' id='word_1_68' title='bbox 363 2009 474 2082; x_wconf 78' lang='lat' dir='ltr'>Postu</span> <span class='ocrx_word' id='word_1_69' title='bbox 505 2033 696 2106; x_wconf 71' lang='lat' dir='ltr'>qmlttltosa.</span> <span class='ocrx_word' id='word_1_70' title='bbox 725 2010 834 2082; x_wconf 82' lang='lat' dir='ltr'>Postu</span> <span class='ocrx_word' id='word_1_71' title='bbox 862 2009 1074 2106; x_wconf 78' lang='lat' dir='ltr'>Liquiritr&#39;oe</span> <span class='ocrx_word' id='word_1_72' title='bbox 1095 2009 1210 2104; x_wconf 74' lang='lat' dir='ltr'>¹fluou.</span> <span class='ocrx_word' id='word_1_73' title='bbox 1243 2009 1406 2082; x_wconf 81' lang='lat' dir='ltr'>Gelotinn</span> 
     </span>
     <span class='ocr_line' id='line_1_13' title="bbox 211 2135 628 2232; baseline -0.005 -23"><span class='ocrx_word' id='word_1_74' title='bbox 211 2135 425 2232; x_wconf 80' lang='lat' dir='ltr'>Liquiritioe</span> <span class='ocrx_word' id='word_1_75' title='bbox 439 2137 628 2231; x_wconf 79' lang='lat' dir='ltr'>pellucido.</span> 
     </span>
    </p>
   </div>
   <div class='ocr_carea' id='block_1_3' title="bbox 562 2422 1058 2531">
    <p class='ocr_par' dir='ltr' id='par_1_4' title="bbox 562 2422 1058 2531">
     <span class='ocr_line' id='line_1_14' title="bbox 562 2422 1058 2531; baseline 0 -1"><span class='ocrx_word' id='word_1_76' title='bbox 562 2423 745 2531; x_wconf 83' lang='lat' dir='ltr'>llerlm</span> <span class='ocrx_word' id='word_1_77' title='bbox 774 2422 1058 2531; x_wconf 76' lang='lat' dir='ltr'>illisintlrii.</span> 
     </span>
    </p>
   </div>
   <div class='ocr_carea' id='block_1_4' title="bbox 207 2645 1413 4528">
    <p class='ocr_par' dir='ltr' id='par_1_5' title="bbox 208 2645 1411 2995">
     <span class='ocr_line' id='line_1_15' title="bbox 319 2645 1411 2739; baseline 0.001 -22"><span class='ocrx_word' id='word_1_78' title='bbox 319 2646 515 2718; x_wconf 80' lang='lat' dir='ltr'>Artemisio</span> <span class='ocrx_word' id='word_1_79' title='bbox 548 2645 770 2718; x_wconf 78' lang='lat' dir='ltr'>Alsintlrinm</span> <span class='ocrx_word' id='word_1_80' title='bbox 804 2647 949 2737; x_wconf 67' lang='lat' dir='ltr'>Lino„</span> <span class='ocrx_word' id='word_1_81' title='bbox 988 2647 1120 2739; x_wconf 83' lang='lat' dir='ltr'>planta</span> <span class='ocrx_word' id='word_1_82' title='bbox 1152 2649 1337 2739; x_wconf 74' lang='lat' dir='ltr'>perennis</span> <span class='ocrx_word' id='word_1_83' title='bbox 1373 2649 1411 2718; x_wconf 93' lang='lat' dir='ltr'>in</span> 
     </span>
     <span class='ocr_line' id='line_1_16' title="bbox 211 2775 1408 2867; baseline -0.001 -21"><span class='ocrx_word' id='word_1_84' title='bbox 211 2775 362 2867; x_wconf 73' lang='lat' dir='ltr'>campis</span> <span class='ocrx_word' id='word_1_85' title='bbox 381 2775 578 2864; x_wconf 73' lang='lat' dir='ltr'>faleratis,</span> <span class='ocrx_word' id='word_1_86' title='bbox 597 2775 741 2848; x_wconf 84' lang='lat' dir='ltr'>adrias</span> <span class='ocrx_word' id='word_1_87' title='bbox 759 2781 794 2847; x_wconf 94' lang='lat' dir='ltr'>et</span> <span class='ocrx_word' id='word_1_88' title='bbox 809 2797 918 2866; x_wconf 84' lang='lat' dir='ltr'>sepes</span> <span class='ocrx_word' id='word_1_89' title='bbox 933 2775 1081 2866; x_wconf 87' lang='lat' dir='ltr'>passim</span> <span class='ocrx_word' id='word_1_90' title='bbox 1096 2775 1284 2867; x_wconf 81' lang='lat' dir='ltr'>frequens.</span> <span class='ocrx_word' id='word_1_91' title='bbox 1307 2775 1408 2846; x_wconf 82' lang='lat' dir='ltr'>Com·</span> 
     </span>
     <span class='ocr_line' id='line_1_17' title="bbox 208 2903 355 2995; baseline 0 -23"><span class='ocrx_word' id='word_1_92' title='bbox 208 2903 355 2995; x_wconf 75' lang='lat' dir='ltr'>positae.</span> 
     </span>
    </p>

    <p class='ocr_par' dir='ltr' id='par_1_6' title="bbox 207 3028 1413 4396">
     <span class='ocr_line' id='line_1_18' title="bbox 318 3028 1410 3116; baseline 0 -16"><span class='ocrx_word' id='word_1_93' title='bbox 318 3029 442 3101; x_wconf 90' lang='lat' dir='ltr'>Herba</span> <span class='ocrx_word' id='word_1_94' title='bbox 468 3029 600 3100; x_wconf 89' lang='lat' dir='ltr'>ilorida</span> <span class='ocrx_word' id='word_1_95' title='bbox 620 3028 768 3116; x_wconf 86' lang='lat' dir='ltr'>siccata,</span> <span class='ocrx_word' id='word_1_96' title='bbox 800 3028 940 3100; x_wconf 88' lang='lat' dir='ltr'>sistens</span> <span class='ocrx_word' id='word_1_97' title='bbox 969 3028 1058 3100; x_wconf 88' lang='lat' dir='ltr'>folia</span> <span class='ocrx_word' id='word_1_98' title='bbox 1093 3035 1130 3101; x_wconf 92' lang='lat' dir='ltr'>et</span> <span class='ocrx_word' id='word_1_99' title='bbox 1159 3029 1410 3103; x_wconf 80' lang='lat' dir='ltr'>summitates,</span> 
     </span>
     <span class='ocr_line' id='line_1_19' title="bbox 209 3154 1411 3248; baseline 0.001 -21"><span class='ocrx_word' id='word_1_100' title='bbox 209 3154 312 3228; x_wconf 80' lang='lat' dir='ltr'>Folia</span> <span class='ocrx_word' id='word_1_101' title='bbox 331 3155 448 3228; x_wconf 89' lang='lat' dir='ltr'>denso</span> <span class='ocrx_word' id='word_1_102' title='bbox 467 3160 632 3227; x_wconf 91' lang='lat' dir='ltr'>tomento</span> <span class='ocrx_word' id='word_1_103' title='bbox 653 3175 673 3226; x_wconf 94' lang='lat' dir='ltr'>e</span> <span class='ocrx_word' id='word_1_104' title='bbox 693 3155 776 3247; x_wconf 89' lang='lat' dir='ltr'>pilis</span> <span class='ocrx_word' id='word_1_105' title='bbox 799 3154 1280 3248; x_wconf 71' lang='lat' dir='ltr'>divaricatobicuspidatis</span> <span class='ocrx_word' id='word_1_106' title='bbox 1301 3157 1411 3230; x_wconf 90' lang='lat' dir='ltr'>inter-</span> 
     </span>
     <span class='ocr_line' id='line_1_20' title="bbox 209 3283 1411 3376; baseline -0.001 -20"><span class='ocrx_word' id='word_1_107' title='bbox 209 3285 333 3357; x_wconf 83' lang='lat' dir='ltr'>mixtis</span> <span class='ocrx_word' id='word_1_108' title='bbox 353 3283 542 3376; x_wconf 81' lang='lat' dir='ltr'>glandulis</span> <span class='ocrx_word' id='word_1_109' title='bbox 574 3283 741 3372; x_wconf 76' lang='lat' dir='ltr'>ole&#39;iferis</span> <span class='ocrx_word' id='word_1_110' title='bbox 762 3284 1065 3371; x_wconf 87' lang='lat' dir='ltr'>sericeo-incana,</span> <span class='ocrx_word' id='word_1_111' title='bbox 1095 3283 1272 3357; x_wconf 87' lang='lat' dir='ltr'>radicalia</span> <span class='ocrx_word' id='word_1_112' title='bbox 1301 3286 1411 3375; x_wconf 83' lang='lat' dir='ltr'>longe</span> 
     </span>
     <span class='ocr_line' id='line_1_21' title="bbox 208 3409 1413 3503; baseline -0.001 -19"><span class='ocrx_word' id='word_1_113' title='bbox 208 3409 401 3503; x_wconf 87' lang='lat' dir='ltr'>petiolata,</span> <span class='ocrx_word' id='word_1_114' title='bbox 431 3409 871 3503; x_wconf 86' lang='lat' dir='ltr'>triplicato-pinnatifida,</span> <span class='ocrx_word' id='word_1_115' title='bbox 910 3411 1060 3484; x_wconf 87' lang='lat' dir='ltr'>caulina</span> <span class='ocrx_word' id='word_1_116' title='bbox 1089 3411 1231 3484; x_wconf 89' lang='lat' dir='ltr'>sensim</span> <span class='ocrx_word' id='word_1_117' title='bbox 1263 3411 1413 3483; x_wconf 88' lang='lat' dir='ltr'>brevius</span> 
     </span>
     <span class='ocr_line' id='line_1_22' title="bbox 207 3537 1408 3631; baseline 0.001 -20"><span class='ocrx_word' id='word_1_118' title='bbox 207 3539 393 3631; x_wconf 89' lang='lat' dir='ltr'>petiolata‚</span> <span class='ocrx_word' id='word_1_119' title='bbox 414 3537 672 3630; x_wconf 87' lang='lat' dir='ltr'>bipinnatilida</span> <span class='ocrx_word' id='word_1_120' title='bbox 692 3538 749 3609; x_wconf 87' lang='lat' dir='ltr'>vel</span> <span class='ocrx_word' id='word_1_121' title='bbox 768 3538 1002 3630; x_wconf 84' lang='lat' dir='ltr'>pinnatilida,</span> <span class='ocrx_word' id='word_1_122' title='bbox 1024 3539 1168 3611; x_wconf 87' lang='lat' dir='ltr'>laciniis</span> <span class='ocrx_word' id='word_1_123' title='bbox 1187 3541 1408 3613; x_wconf 89' lang='lat' dir='ltr'>lanceolatis</span> 
     </span>
     <span class='ocr_line' id='line_1_23' title="bbox 210 3649 1408 3757; baseline 0.002 -18"><span class='ocrx_word' id='word_1_124' title='bbox 210 3672 275 3739; x_wconf 90' lang='lat' dir='ltr'>aut</span> <span class='ocrx_word' id='word_1_125' title='bbox 320 3666 543 3757; x_wconf 85' lang='lat' dir='ltr'>spatulatis,</span> <span class='ocrx_word' id='word_1_126' title='bbox 587 3649 730 3737; x_wconf 84' lang='lat' dir='ltr'>floralia</span> <span class='ocrx_word' id='word_1_127' title='bbox 773 3665 940 3752; x_wconf 83' lang='lat' dir='ltr'>indivisa,</span> <span class='ocrx_word' id='word_1_128' title='bbox 980 3666 1199 3753; x_wconf 81' lang='lat' dir='ltr'>lanceolata,</span> <span class='ocrx_word' id='word_1_129' title='bbox 1248 3669 1408 3741; x_wconf 88' lang='lat' dir='ltr'>sessilia.</span> 
     </span>
     <span class='ocr_line' id='line_1_24' title="bbox 209 3793 1407 3886; baseline 0.003 -21"><span class='ocrx_word' id='word_1_130' title='bbox 209 3793 1407 3886; x_wconf 76' lang='lat' dir='ltr'>Anthodiaparvasubglobosa,pedunculata‚nutantiasolum·</span> 
     </span>
     <span class='ocr_line' id='line_1_25' title="bbox 208 3917 1407 4014; baseline 0.004 -22"><span class='ocrx_word' id='word_1_131' title='bbox 208 3920 322 3993; x_wconf 87' lang='lat' dir='ltr'>modo</span> <span class='ocrx_word' id='word_1_132' title='bbox 338 3922 450 3993; x_wconf 89' lang='lat' dir='ltr'>liores</span> <span class='ocrx_word' id='word_1_133' title='bbox 470 3921 671 3993; x_wconf 89' lang='lat' dir='ltr'>tubulosos</span> <span class='ocrx_word' id='word_1_134' title='bbox 691 3921 811 3992; x_wconf 87' lang='lat' dir='ltr'>ssavos</span> <span class='ocrx_word' id='word_1_135' title='bbox 832 3921 870 3992; x_wconf 95' lang='lat' dir='ltr'>in</span> <span class='ocrx_word' id='word_1_136' title='bbox 890 3921 1057 3993; x_wconf 90' lang='lat' dir='ltr'>thalamo</span> <span class='ocrx_word' id='word_1_137' title='bbox 1077 3922 1209 3994; x_wconf 85' lang='lat' dir='ltr'>villoso</span> <span class='ocrx_word' id='word_1_138' title='bbox 1230 3917 1407 4014; x_wconf 84' lang='lat' dir='ltr'>gerentia,</span> 
     </span>
     <span class='ocr_line' id='line_1_26' title="bbox 209 4049 1406 4142; baseline 0.004 -23"><span class='ocrx_word' id='word_1_139' title='bbox 209 4049 392 4141; x_wconf 87' lang='lat' dir='ltr'>disposita</span> <span class='ocrx_word' id='word_1_140' title='bbox 429 4051 467 4122; x_wconf 90' lang='lat' dir='ltr'>in</span> <span class='ocrx_word' id='word_1_141' title='bbox 505 4070 675 4121; x_wconf 88' lang='lat' dir='ltr'>racemos</span> <span class='ocrx_word' id='word_1_142' title='bbox 713 4049 901 4138; x_wconf 78' lang='lat' dir='ltr'>axillaraS,</span> <span class='ocrx_word' id='word_1_143' title='bbox 942 4050 1155 4141; x_wconf 88' lang='lat' dir='ltr'>paniculam</span> <span class='ocrx_word' id='word_1_144' title='bbox 1192 4051 1406 4142; x_wconf 83' lang='lat' dir='ltr'>elongatam</span> 
     </span>
     <span class='ocr_line' id='line_1_27' title="bbox 209 4174 1412 4271; baseline 0.002 -24"><span class='ocrx_word' id='word_1_145' title='bbox 209 4176 443 4249; x_wconf 89' lang='lat' dir='ltr'>terminalem</span> <span class='ocrx_word' id='word_1_146' title='bbox 472 4176 691 4248; x_wconf 78' lang='lat' dir='ltr'>formantes</span> <span class='ocrx_word' id='word_1_147' title='bbox 728 4174 830 4247; x_wconf 91' lang='lat' dir='ltr'>Odor</span> <span class='ocrx_word' id='word_1_148' title='bbox 863 4177 987 4268; x_wconf 84' lang='lat' dir='ltr'>gravis</span> <span class='ocrx_word' id='word_1_149' title='bbox 1021 4179 1261 4265; x_wconf 84' lang='lat' dir='ltr'>aromaticus,</span> <span class='ocrx_word' id='word_1_150' title='bbox 1297 4200 1412 4271; x_wconf 87' lang='lat' dir='ltr'>sapor</span> 
     </span>
     <span class='ocr_line' id='line_1_28' title="bbox 212 4303 665 4396; baseline 0.004 -23"><span class='ocrx_word' id='word_1_151' title='bbox 212 4303 665 4396; x_wconf 79' lang='lat' dir='ltr'>aromatico-peramarus</span> 
     </span>
    </p>

    <p class='ocr_par' dir='ltr' id='par_1_7' title="bbox 320 4431 1406 4528">
     <span class='ocr_line' id='line_1_29' title="bbox 320 4431 1406 4528; baseline 0.003 -27"><span class='ocrx_word' id='word_1_152' title='bbox 320 4431 489 4503; x_wconf 75' lang='lat' dir='ltr'>Pinetum</span> <span class='ocrx_word' id='word_1_153' title='bbox 523 4431 704 4504; x_wconf 67' lang='lat' dir='ltr'>Ausonio·</span> <span class='ocrx_word' id='word_1_154' title='bbox 738 4433 934 4526; x_wconf 72' lang='lat' dir='ltr'>coraposito.</span> <span class='ocrx_word' id='word_1_155' title='bbox 970 4431 1213 4528; x_wconf 71' lang='lat' dir='ltr'>Enmlostrum</span> <span class='ocrx_word' id='word_1_156' title='bbox 1251 4432 1406 4504; x_wconf 79' lang='lat' dir='ltr'>Meliloti.</span> 
     </span>
    </p>
   </div>
   <div class='ocr_carea' id='block_1_5' title="bbox 213 4556 1410 4656">
    <p class='ocr_par' dir='ltr' id='par_1_8' title="bbox 213 4556 1410 4656">
     <span class='ocr_line' id='line_1_30' title="bbox 213 4556 1410 4656; baseline 0.003 -27"><span class='ocrx_word' id='word_1_157' title='bbox 213 4556 340 4652; x_wconf 72' lang='lat' dir='ltr'>Species</span> <span class='ocrx_word' id='word_1_158' title='bbox 373 4560 614 4632; x_wconf 64' lang='lat' dir='ltr'>ornurlcanles.</span> <span class='ocrx_word' id='word_1_159' title='bbox 659 4559 876 4654; x_wconf 63' lang='lat' dir='ltr'>Unqrcoulum</span> <span class='ocrx_word' id='word_1_160' title='bbox 911 4563 1154 4632; x_wconf 76' lang='lat' dir='ltr'>arnmot-irunt.</span> <span class='ocrx_word' id='word_1_161' title='bbox 1191 4559 1410 4656; x_wconf 70' lang='lat' dir='ltr'>Unqrcenlum</span> 
     </span>
    </p>
   </div>
   <div class='ocr_carea' id='block_1_6' title="bbox 214 4685 383 4782">
    <p class='ocr_par' dir='ltr' id='par_1_9' title="bbox 214 4685 383 4782">
     <span class='ocr_line' id='line_1_31' title="bbox 214 4685 383 4782; baseline -0.012 -28"><span class='ocrx_word' id='word_1_162' title='bbox 214 4685 383 4782; x_wconf 69' lang='lat' dir='ltr'>lucipert,</span> 
     </span>
    </p>
   </div>
   <div class='ocr_carea' id='block_1_7' title="bbox 0 0 1804 5534">
    <p class='ocr_par' dir='ltr' id='par_1_10' title="bbox 0 0 1804 5534">
     <span class='ocr_line' id='line_1_32' title="bbox 0 0 1804 5534; baseline 0 2"><span class='ocrx_word' id='word_1_163' title='bbox 0 0 1804 5534; x_wconf 95' lang='lat' dir='ltr'> </span> 
     </span>
    </p>
   </div>
  </div>
 </body>
</html>
