3600 5534
828 528 1069 601 -164-

346 746 386 818 in
404 746 537 819 charia
555 745 675 835 tritus
702 744 826 818 colore
843 744 944 817 flavo
964 744 1122 836 tingens
1143 744 1377 837 compositus
1398 766 1417 818 e
1438 743 1540 837 glan·

347 874 445 947 dulis
460 873 623 963 minutis,
639 872 1084 965 depresso-subglobosiS,
1105 872 1233 965 aliqua
1248 877 1415 965 exparte
1431 873 1540 946 mori-

346 1001 541 1091 formibuS,
567 1000 750 1073 diametro
771 998 1242 1088 0·04-0·10milnmet1t,
1263 1022 1361 1093 quae
1390 1000 1543 1092 cellulas

348 1128 515 1202 clavatas
562 1127 831 1221 leptodermas,
879 1125 1053 1199 radiatim
1097 1126 1298 1219 dispositas
1342 1126 1542 1218 continent,

347 1275 499 1329 massae
546 1254 740 1329 resinosae
781 1255 916 1327 rubrae
955 1254 1084 1326 nitenti
1117 1254 1292 1344 insertae,
1331 1259 1368 1327 et
1405 1275 1426 1327 e
1458 1254 1543 1347 pilis

347 1382 576 1455 fasciculatis
594 1382 870 1476 pachydermis

456 1509 635 1584 Kamalae
663 1516 814 1585 centum
850 1512 977 1601 partes
1006 1509 1226 1582 combustae
1256 1530 1303 1583 ne
1329 1509 1545 1603 relinquant

347 1638 433 1730 plus
454 1658 568 1729 quam
586 1641 713 1730 partes
733 1658 800 1711 sex
820 1636 954 1710 cineris
974 1635 1239 1727 griseo-albidi.

458 1764 624 1838 Carene
644 1766 692 1838 sit
709 1766 946 1858 inquinatum
965 1762 1135 1856 partibus
1156 1762 1315 1837 aliarum
1329 1763 1545 1858 plantarum

349 1912 457 1982 neve,
478 1893 579 1985 quod
597 1914 698 1966 nunc
717 1914 831 1986 quam
851 1892 1013 1965 maxime
1040 1891 1200 1964 occurrit
1218 1912 1343 1980 arena,
1372 1891 1459 1964 holo
1480 1897 1544 1963 aut

348 2021 499 2113 pulvere
517 2020 693 2094 latericio.
1346 2014 1348 2019 ⁴

693 2540 1220 2655 mensulam.

458 2803 599 2896 Liquor
612 2800 800 2895 limpidus,
816 2801 1002 2893 oleaceus,
1022 2803 1146 2874 lucem
1160 2802 1380 2894 refringens,
1397 2803 1550 2877 decolor

351 2930 428 3004 sive
447 2930 670 3019 flavescens
699 2928 826 3003 odoris
852 2929 1082 3021 penetrantis
1101 2928 1241 3019 fumidi,
1264 2930 1442 3023 ponderis
1461 2914 1546 3022 spe-

351 3058 444 3131 cifici
467 3057 713 3147 1·03-1·08,
733 3076 782 3130 ne
803 3056 955 3149 quidem
973 3057 1044 3129 suh
1063 3061 1318 3149 temperatura
1339 3100 1385 3109 —
1410 3058 1485 3131 l00
1509 3058 1548 3132 in

350 3206 519 3258 massam
538 3184 699 3257 solidam
717 3183 916 3276 rigescens
951 3183 1047 3257 Cum
1067 3184 1218 3257 aethere
1246 3190 1284 3259 et
1312 3184 1445 3277 spiritu
1473 3187 1548 3259 vini

296 3357 299 3362 -
350 3311 501 3405 limpide
529 3312 718 3401 miscetur,
748 3332 870 3405 aquae
898 3311 1063 3385 fervidae
1083 3310 1226 3385 circiter
1243 3317 1371 3406 partes
1396 3318 1549 3387 centum

350 3437 478 3530 viginti
497 3438 676 3530 exposcit,
695 3443 738 3511 ut
755 3437 906 3531 limpide
936 3439 1126 3525 solvatrn·;
1168 3437 1304 3512 solutio
1332 3440 1549 3530 refrigerata

349 3567 471 3659 primo
482 3564 667 3655 turbatur,
680 3570 760 3639 tum
773 3565 886 3658 guttis
901 3566 972 3638 olei
982 3566 1242 3639 secedentibus
1252 3566 1406 3659 limpida
1416 3568 1549 3656 evadit,

349 3691 516 3787 pauxillo
540 3693 628 3766 ferri
647 3692 934 3785 sesquichlorati
954 3693 1081 3766 addito
1101 3692 1225 3767 denuo
1239 3693 1410 3768 turbatur
1428 3699 1465 3768 et
1486 3716 1546 3768 co·
1568 3728 1571 3733 ·

350 3820 468 3893 lorem
483 3840 502 3891 e
518 3821 640 3911 griseo
655 3818 811 3892 viridem
826 3823 891 3893 aut
906 3819 1130 3911 caeruleum,
1145 3821 1250 3894 brevi
1260 3827 1548 3895 evanescentem

349 3946 474 4036 trahit,
511 3925 689 4020 flocculos
718 3947 1041 4020 subflavescentes
1070 3948 1281 4021 demittens.
1319 3947 1547 4022 Kreosotum

351 4073 543 4147 ammonia
553 4074 718 4148 solutum
737 4079 773 4147 et
786 4072 914 4147 addito
927 4080 1081 4166 argento
1092 4076 1224 4150 uitrico
1236 4075 1284 4148 ad
1296 4076 1545 4149 ebullitionem

351 4200 583 4291 calefactum,
602 4201 735 4295 liquori
754 4201 916 4275 colorem
935 4203 1033 4276 laete
1053 4202 1208 4276 viridem
1233 4202 1370 4292 tribuit,
1390 4201 1547 4275 simulac

350 4326 475 4423 paries
494 4327 573 4399 tubi
591 4328 797 4421 probatorii
816 4330 967 4402 lamella
987 4330 1129 4422 argenti
1147 4329 1345 4402 inducitur.

458 4453 683 4529 Kreosotum
702 4477 788 4528 cum
808 4456 938 4530 decem
953 4457 1205 4530 voluminibus
1225 4458 1436 4530 ammoniae
1457 4478 1544 4531 con-

351 4582 569 4674 quassando
585 4583 745 4656 mixtum
759 4603 807 4657 ne
820 4584 920 4657 ultra
930 4590 1104 4677 quartam
1122 4584 1180 4657 sui
1189 4583 1391 4659 voluminis
1402 4590 1548 4687 partem

350 4709 589 4783 diminuatur.
