3600 5534
705 572 949 644 —183-

636 787 658 901 β
683 782 1025 928 Naphtelum.

336 1008 526 1081 Lemellae
551 1008 799 1099 crystallinae
832 1009 949 1095 albae,
976 1009 1108 1083 nitoris
1130 1010 1270 1094 sericei‚
1302 1009 1427 1081 odoris

228 1136 304 1208 fere
339 1141 529 1227 expertes,
566 1136 712 1227 saporis
746 1138 899 1223 urentis,
934 1138 1003 1208 sub
1037 1141 1289 1230 temperatura
1326 1138 1426 1207 1930

228 1264 498 1355 liquescentes;
532 1262 570 1334 in
596 1283 695 1355 aqua
727 1263 860 1354 frigida
892 1286 1037 1356 parum,
1068 1263 1213 1335 difficile
1233 1264 1269 1334 in
1290 1265 1431 1336 fervida

230 1391 436 1477 solvuntur,
464 1390 571 1461 facile
597 1390 636 1461 in
663 1390 796 1481 spiritu
823 1391 915 1479 vini,
951 1391 1118 1479 aethere,
1153 1390 1428 1471 chloroformiu,

229 1518 398 1595 benzcle,
420 1517 511 1589 oleis
532 1517 733 1609 pinguibus
752 1522 788 1589 et
808 1518 846 1589 in
867 1511 1116 1591 solutionibus
1138 1518 1314 1589 alcalinis

340 1644 485 1717 Salutio
503 1665 651 1735 aquosa
666 1644 761 1717 ferro
777 1646 1076 1737 sesrurichloratc
1091 1646 1251 1737 primurn
1267 1646 1429 1717 colorem

230 1772 512 1844 viridescentem
528 1772 656 1858 induit,
677 1777 758 1845 turri
773 1776 910 1845 floccos
928 1773 1033 1844 albos
1050 1772 1224 1850 ‹lernittitz
1240 1774 1430 1844 alamania

231 1902 353 1971 colere
373 1900 805 1971 subcaeruleo-violaceu
825 1901 1024 1972 fluorescit.

339 2027 480 2099 Salutio
520 2050 674 2119 aquosa,
718 2049 790 2119 cpe
829 2028 939 2099 natrii
978 2027 1249 2118 ltydrooxydati
1289 2028 1429 2115 efferta,

232 2154 494 2226 clrlorufornric
515 2154 641 2227 addito
663 2155 825 2227 colorem
845 2155 1058 2228 caeruleum
1080 2156 1203 2227 trahit.

338 2282 481 2353 Solutio
502 2302 648 2372 aquosa
666 2282 805 2353 fervide
827 2288 995 2354 saturata
1016 2285 1110 2355 ferro
1132 2282 1430 2373 sesquichluratc

231 2410 353 2481 colore
374 2410 540 2481 violaceo
559 2429 607 2480 ue
627 2408 802 2498 tingatur.

340 2535 434 2608 Cum
454 2536 657 2627 vaporibus
678 2537 832 2628 aquosis
851 2537 1002 2609 nonnisi
1022 2536 1170 2610 difficile
1191 2536 1356 2627 auffugit.

338 2662 499 2755 Ignitum
519 2663 599 2735 sine
619 2663 771 2736 residuo
792 2666 998 2737 comburat.

529 3036 770 3147 Nutrium
798 3040 1127 3148 buracicum.

751 3268 897 3345 Borax.

339 3462 512 3555 Crystalli
539 3462 787 3554 prismaticae‚
814 3463 1016 3548 decolores
1038 3464 1075 3535 iu
1101 3469 1184 3535 atre
1205 3462 1429 3538 fatiscentes,

233 3592 353 3663 calore
373 3592 584 3683 liquescunt
613 3596 648 3662 et
673 3590 803 3661 fortius
824 3591 1025 3664 calefactae
1051 3590 1089 3661 in
1121 3611 1287 3661 massam
1318 3612 1429 3682 spon·
1459 3624 1461 3631 ·

231 3718 375 3811 giosam
405 3760 450 3770 —
480 3718 662 3790 Boraceru
691 3724 817 3789 ustum
852 3762 895 3772 --
925 3722 1126 3790 mutantur.
1160 3718 1364 3789 Solvuntur
1392 3718 1430 3790 in

231 3845 397 3937 partibus
423 3847 467 3918 17
491 3867 612 3938 aquae
632 3845 795 3936 frigidae,
818 3847 935 3919 inulto
950 3845 1094 3918 facilius
1112 3845 1146 3915 in
1169 3867 1267 3936 aqua
1284 3846 1429 3917 fervida

232 3980 267 4047 et
294 3974 332 4046 iu
368 3974 567 4065 glycerino.
597 3974 721 4045 Borax
750 3996 820 4065 cpe
850 3996 966 4047 ausae
995 3974 1044 4044 lili
1075 3972 1225 4064 platinei
1255 3974 1427 4043 flammae

232 4102 393 4187 admota,
422 4101 519 4172 hanc
549 4101 671 4172 colore
700 4102 809 4189 flava,
844 4103 950 4175 acide
982 4100 1158 4172 sulfurico
1188 4107 1429 4173 cencentratu

232 4228 367 4315 addite,
390 4229 513 4299 celere
533 4228 640 4300 viridi
659 4228 783 4301 inficit.

340 4355 483 4428 Solutio
501 4378 655 4448 aquosa,
670 4356 869 4428 reuctiuuis
886 4358 1076 4446 alcalinae‚
1094 4378 1162 4428 nec
1179 4377 1278 4447 aqua
1294 4355 1427 4446 hydro-

232 4484 423 4570 sulfurata,
442 4504 512 4555 nec
532 4483 721 4555 ammonio
743 4484 941 4556 carbunico
967 4490 1138 4571 mittetur,
1175 4482 1301 4555 addito
1322 4483 1429 4554 acido

232 4612 360 4683 uitrico
379 4632 427 4682 ne
446 4611 666 4683 effervescat
686 4618 722 4682 et
742 4612 856 4699 baruc
877 4611 1019 4697 uitrico,
1042 4618 1105 4683 aut
1124 4616 1280 4702 argento
1302 4611 1431 4681 nitricu

232 4736 377 4829 adjecto
399 4739 457 4808 vix
475 4739 654 4810 turbetur.
