3600 5534
815 507 1028 580 -w-

321 727 518 819 inquinata
546 749 616 803 nec
646 731 821 820 corrupta
846 727 922 799 sint
949 731 1109 819 oportet.
1139 725 1193 799 Ea
1221 725 1370 820 aequali
1398 725 1518 800 solici-

323 855 451 928 tudine
482 859 520 928 et
539 855 871 947 circumspectione
893 854 1081 926 servanda
1101 860 1138 926 et
1157 854 1411 946 dispensanda
1430 860 1520 927 sunt

323 987 365 1056 ut
408 981 654 1056 medicamina
698 981 735 1054 in
773 983 1115 1074 pharmacopoeam
1152 987 1312 1073 recepta,
1361 1003 1520 1074 quorum

323 1112 526 1186 efficaciam
546 1117 720 1205 aequant.

432 1240 627 1331 Ejusmodi
656 1240 904 1316 medicamina
930 1263 999 1314 nec
1028 1263 1104 1313 non
1130 1240 1394 1332 confectiones
1424 1263 1519 1332 quae

322 1368 535 1440 novissimis
554 1369 783 1460 temporibus
803 1370 888 1442 usui
909 1369 1162 1462 therapeutica
1181 1369 1336 1441 venales
1356 1367 1518 1442 offerun-

322 1501 394 1585 tur,
433 1496 594 1569 incertae
624 1497 768 1570 virtutis
799 1519 843 1570 ac
872 1496 1003 1570 clinica
1031 1497 1258 1590 experientia
1291 1495 1394 1570 haud
1422 1517 1521 1569 com-

322 1625 504 1717 probatae
545 1627 644 1712 sunt,
682 1623 831 1698 nonnisi
870 1624 1021 1715 legitimi
1060 1624 1191 1696 medici
1229 1624 1520 1716 praescriptione

323 1751 541 1844 dispensare
561 1753 619 1824 fas
642 1755 710 1824 est.

878 1929 912 2032 p.
933 1933 969 2005 c.

433 2079 676 2152 Medicamina
718 2081 755 2152 in
793 2080 1133 2172 pharmacopoeam
1165 2083 1325 2172 recepta,
1361 2101 1521 2172 quorum

327 2208 557 2300 dispensatio
592 2209 736 2301 absque
767 2208 898 2281 medici
926 2208 1076 2300 legitimi
1105 2208 1397 2300 praescriptione
1425 2205 1520 2280 inhi-

325 2335 401 2407 bita
421 2339 490 2423 est,
510 2335 640 2407 tabula
658 2335 707 2406 IV
727 2335 885 2408 exhibet.

434 2463 536 2536 Haec
573 2462 820 2536 medicamina
866 2463 1065 2555 hucusque
1105 2462 1213 2554 signo
1242 2461 1263 2552 l·
1309 2466 1438 2535 notata
1484 2463 1522 2535 in

325 2595 425 2663 textu
443 2591 769 2683 pharmacopoeac
787 2591 969 2664 distinctis
986 2590 1183 2682 obliquis
1204 2590 1302 2683 typis
1318 2589 1523 2682 conspicua

323 2716 543 2790 redduntur.
1082 2739 1086 2746 ’

873 2896 909 3001 ς.
933 2901 967 2972 5.

433 3045 677 3120 Medicamina
690 3047 728 3119 in
745 3047 871 3119 tabula
887 3045 934 3118 lll
949 3052 1129 3138 congesta
1143 3047 1173 3120 si
1190 3046 1372 3119 amedico
1387 3046 1518 3137 majori

324 3172 407 3246 dosi
427 3173 743 3265 praescribuntur,
765 3195 879 3265 quam
906 3195 1003 3265 quae
1033 3174 1197 3246 maxima
1224 3173 1261 3246 in
1290 3174 1363 3248 hac
1390 3174 1519 3246 tabula

323 3305 453 3373 notata
473 3305 542 3388 cst,
571 3322 648 3372 non
669 3305 758 3374 sunt
778 3301 1044 3393 dispensanda,
1074 3301 1143 3374 nisi
1171 3299 1341 3374 medicus
1368 3301 1518 3392 signum

323 3428 602 3502 exclamationis
625 3429 673 3520 (l)
693 3429 730 3500 in
749 3428 1042 3521 praescriptione
1063 3427 1253 3500 addiderit.

872 3661 906 3763 a.
930 3666 966 3736 e.

432 3812 470 3883 Si
497 3811 822 3900 medicamentum,
853 3810 955 3902 quod
985 3815 1022 3883 et
1051 3810 1210 3884 crudum
1230 3815 1266 3882 et
1295 3810 1517 3902 depuratum

323 3959 391 4011 seu
431 3939 674 4010 rectificatum
712 3938 749 4010 in
787 3937 1100 4030 phannacopoliis
1143 3940 1300 4029 prostat,
1348 3937 1516 4011 medicus

319 4066 601 4158 praescripserit
622 4066 725 4137 nulla
740 4065 975 4138 distinctione
995 4065 1103 4152 facta,
1126 4085 1276 4155 semper
1295 4064 1516 4158 depuratum

320 4214 389 4266 seu
408 4193 653 4266 rectificatum
674 4193 925 4284 dispensetur.

427 4319 521 4393 Item
540 4319 569 4391 si
589 4320 914 4408 medicamentum,
945 4317 1052 4411 cujus
1081 4320 1208 4413 plures
1235 4319 1515 4410 distinguuntur

319 4447 631 4520 concontrationis
647 4453 683 4519 et
697 4445 923 4520 fortitudinis
938 4445 1090 4536 gradus,
1110 4446 1381 4540 praescriptum
1394 4448 1514 4536 tuerit,

319 4577 408 4668 quin
446 4575 585 4666 gradus
634 4574 947 4648 concentrationis
986 4574 1214 4666 conspicuus
1258 4576 1315 4664 sit,
1365 4595 1514 4668 semper

317 4703 473 4774 dilutrun
493 4708 528 4774 et
547 4701 672 4774 mitius
693 4701 990 4793 dispensandum
1010 4706 1078 4774 est.
