3600 5534
670 544 909 617 -bbl-

193 761 472 850 orbicularibuS,
493 761 662 853 ellipticis
678 768 742 837 aut
756 764 1015 837 reniformibus
1035 764 1074 837 in
1092 763 1385 857 perenchymate

192 889 287 961 laete
307 888 412 961 viridi
419 911 427 977 ;
456 889 623 964 rhizoma
641 892 766 983 ipsum
785 892 823 965 in
843 896 1086 984 conspectum
1111 892 1175 965 dat
1192 895 1386 985 praeterea

194 1016 369 1089 circulum
387 1017 629 1109 irregularem
648 1024 842 1093 externum
861 1020 1125 1095 fasciculorum
1145 1020 1342 1093 minorum.
1427 1043 1429 1047 ·

301 1144 424 1219 Radix
457 1150 515 1220 est
547 1146 695 1239 saporis
726 1147 928 1237 subdulcis,
950 1146 1229 1237 adstringentis
1251 1145 1384 1220 deinde

194 1272 373 1345 subacris.
396 1272 598 1367 Colligatur
617 1281 798 1348 autumno
818 1279 855 1349 et
874 1275 1076 1367 quotannis
1095 1279 1305 1348 renovetur.
1327 1273 1386 1347 Ad

192 1402 383 1493 pulverem
401 1402 611 1493 parandum
639 1402 805 1475 rhizoma
824 1426 847 1475 a
865 1402 1192 1496 phyllopodiorum
1217 1402 1385 1494 partibus

192 1548 269 1601 non
287 1528 518 1618 medullosiS,
537 1529 654 1622 paleis
673 1530 937 1622 radicibusque
965 1530 1156 1603 fibrillosis
1175 1531 1385 1618 liberatum,

193 1677 269 1729 una
306 1676 392 1729 cum
427 1656 679 1750 phyllopodiis
718 1657 952 1731 decorticatis
991 1664 1098 1731 caute
1143 1657 1303 1731 siccetur
1351 1661 1387 1730 et

192 1784 313 1876 pulvis
336 1783 432 1857 laete
451 1784 579 1857 viridis
598 1786 757 1859 invasis
777 1786 871 1859 bene
892 1786 1086 1877 obimatis,
1107 1786 1179 1858 luci
1199 1785 1384 1877 imperviis

194 1915 371 1985 servetur.
390 1909 518 1985 Pulvis
538 1913 672 1985 coloris
692 1913 816 1987 fluvidi
836 1917 900 1987 aut
920 1912 1164 1986 cinnamomei
1188 1911 1384 2004 rejiciatur.

300 2036 519 2111 Extractum.

536 2325 712 2435 Radix
737 2326 1052 2435 Gentianae.

308 2548 484 2623 Gentiano
512 2551 605 2622 luteo
631 2551 755 2623 Linn.
787 2556 823 2625 et
854 2551 1030 2623 Gentiano
1053 2550 1261 2624 Pannonico
1288 2554 1385 2624 Sco·

194 2678 296 2769 poli,
334 2678 482 2770 plantae
507 2700 702 2771 perennes,
722 2680 760 2751 in
792 2681 909 2772 pratis
943 2681 1150 2773 subalpinis
1184 2685 1220 2752 et
1253 2678 1387 2771 alpinis

194 2805 364 2898 Europae
383 2804 529 2879 mediae
549 2810 793 2899 spontaneae.
821 2806 1080 2879 Gentianaccoe.
1157 2813 1159 2818 ’

302 2932 423 3006 Radix
462 2955 633 3023 carnosa,
679 2934 899 3027 plerumque
946 2936 1133 3028 pluriceps
1181 2940 1217 3007 et
1254 2956 1388 3027 parum

194 3083 355 3150 ramosa,
376 3061 515 3134 siccata
538 3061 576 3133 iu
593 3063 794 3153 segmentis
815 3063 1057 3136 decimatrum
1082 3067 1118 3135 et
1138 3062 1235 3147 ultra
1255 3062 1387 3155 longis

196 3189 269 3261 duo
290 3189 338 3261 ad
357 3189 522 3281 quinque
542 3189 758 3262 centimetra
778 3192 927 3281 crassis,
954 3191 1172 3284 cylindriciS,
1201 3189 1388 3263 interdurn

194 3338 260 3408 per
297 3315 564 3408 longitudinem
589 3316 712 3407 sectis,
751 3340 911 3410 superne
945 3319 1091 3392 annulis
1121 3318 1387 3411 approximatis

195 3444 448 3533 transversim,
484 3449 672 3518 caeterum
708 3447 1023 3538 longitudinaliter
1058 3468 1189 3539 grosse
1227 3446 1386 3537 rugosis

197 3578 406 3645 extrorsum
435 3572 733 3660 subrufo-fuscis
771 3576 975 3647 introrsum
1005 3576 1127 3649 colore
1152 3568 1414 3663 fusco-flavo,

196 3700 395 3792 fragilibus
414 3701 578 3772 fractura
593 3721 737 3792 aspera,
772 3702 840 3774 sed
860 3702 1081 3775 humiditate
1112 3706 1255 3775 atracia
1282 3709 1386 3775 tena-

198 3828 300 3902 cibus
325 3831 361 3901 et
385 3827 616 3915 flexibilibus,
655 3828 782 3901 odoris
820 3830 1047 3919 dulciusculi,
1069 3831 1209 3903 caricas
1230 3832 1387 3903 siccatas

197 3957 397 4044 referentis,
418 3956 564 4048 saporis
583 3958 778 4047 peramari,
799 3958 968 4031 saucibus
989 3958 1050 4030 diu
1070 3958 1319 4031 adhaerentis

304 4084 424 4157 Sectio
443 4088 662 4157 transversa
679 4083 813 4157 radicis
833 4085 911 4159 fere
932 4086 1134 4177 aequaliter
1153 4086 1387 4177 disco-flava,

200 4213 335 4286 annulo
370 4209 542 4285 cambiali
574 4232 594 4283 e
626 4212 870 4303 nigro-fusco,
890 4213 1029 4287 nitente
1065 4219 1100 4286 et
1128 4214 1226 4304 ligno
1254 4236 1389 4305 pamm

199 4340 391 4413 manifeste
409 4338 581 4412 radiatim
596 4339 738 4413 striato.
754 4339 1041 4431 Parenchymati
1056 4342 1221 4433 amylum
1236 4344 1388 4415 omnino

202 4466 312 4541 deest.

303 4593 523 4667 distractum.
559 4592 692 4689 Species
725 4595 967 4668 antaricantcs.
1007 4596 1176 4667 Tincturc
1211 4595 1389 4669 Absiatttii

201 4725 391 4823 coraposito.
418 4721 587 4799 Tinctum
607 4746 745 4799 ornare.
771 4722 941 4799 Tinctum
966 4723 1097 4800 Chione
1115 4724 1313 4825 composito.
