3600 5534
427 884 739 993 Extinctum
764 882 981 990 Maiatis
1009 881 1177 989 Ferri.

530 1115 770 1192 Extractum
794 1112 906 1190 Ferri
930 1112 1092 1214 pomati.

211 1311 313 1404 Rpe:
343 1307 531 1384 Pomorum
553 1307 777 1384 triariorum
797 1312 1019 1384 maturiora·
1040 1312 1272 1382 cont-sorum

609 1511 618 1528 ,
752 1443 986 1531 properatum
1009 1436 1079 1506 trio
1102 1435 1212 1506 taillia
1301 1435 1406 1505 3000

320 1567 447 1659 Coqua
468 1589 553 1639 cum

349 1694 471 1792 Aquae
492 1692 698 1770 destinae
756 1694 945 1787 sufficiente
964 1694 1155 1790 quaternate

211 1844 277 1914 per
298 1823 547 1914 quadrantem
567 1823 692 1910 horae,
715 1822 801 1894 dein
820 1821 938 1893 misce
961 1843 1045 1894 cum

347 1949 444 2025 Ferri
466 1948 644 2051 pnlt'erati
713 1952 881 2046 promittis·
902 1951 1105 2045 prn'npentis.
1329 1951 1406 2021 500

320 2079 451 2170 Digere
500 2079 652 2171 saepius
692 2079 870 2170 agitando
910 2085 946 2150 et
984 2101 1122 2172 aquam
1166 2050 1406 2170 evaporatam

215 2208 447 2280 restituendo
468 2209 506 2280 in
525 2208 608 2278 loco
628 2208 752 2300 tepido
772 2230 838 2300 per
858 2207 1409 2298 aliquothebdomaciasdonoc

211 2336 250 2407 in
286 2357 457 2408 massam
494 2337 637 2426 nigram
677 2335 901 2422 transierint,
951 2357 1064 2427 quam
1107 2335 1255 2406 sacculo
1293 2333 1407 2405 linteo

209 2464 394 2536 inclusam
414 2465 589 2556 exprime.

319 2592 521 2684 Liquorem
543 2592 776 2665 subsidendo
797 2593 1022 2684 depuratum
1043 2592 1141 2664 filtra
1161 2593 1253 2665 etin
1273 2590 1408 2662 balneo

217 2742 337 2812 aquae
359 2721 407 2792 ad
428 2720 578 2793 extracti
600 2719 711 2812 spissi
731 2718 1012 2792 consistentiam
1030 2719 1166 2810 redige.

327 2847 497 2919 Tinctum
517 2847 663 2919 Moloiis
683 2847 795 2919 Ferri.

431 3249 939 3357 meracium
982 3243 1188 3382 opti.

214 3469 312 3562 Rpe:
353 3465 431 3567 (ipii
450 3465 634 3568 puit'eraii
756 3475 954 3564 prrrrrrnmin
976 3475 1106 3538 certam
1336 3468 1409 3537 100

349 3594 468 3694 Aquae
485 3593 694 3670 (instillatus
751 3604 951 3692 praenotato
970 3595 1170 3690 ortinpcato.
1332 3595 1410 3665 800

321 3723 472 3796 Macera
488 3725 640 3816 saepias
661 3723 954 3815 conquassanda
973 3697 1041 3815 per
1062 3721 1311 3815 quadraginta
1326 3725 1411 3793 octo

214 3851 337 3940 horas,
357 3853 539 3944 liquorem
560 3851 646 3924 dein
667 3851 827 3923 desunclc
849 3857 884 3924 et
905 3851 1057 3923 residuo
1074 3851 1215 3923 fortiter
1231 3871 1415 3942 expresso¹

212 3981 308 4054 adde

346 4104 467 4207 Aquae
488 4104 696 4183 destinatae
751 4114 950 4203 prormrroto
971 4106 1236 4202 quadrinpcnta.
1330 4105 1410 4177 400

325 4236 420 4307 Post
456 4236 626 4307 iteratam
659 4259 726 4328 per
756 4236 882 4326 viginti
919 4242 1080 4327 quatuor
1112 4234 1226 4305 horas
1246 4255 1412 4304 macera-

216 4365 353 4437 tionem
375 4366 542 4458 liquores
564 4367 849 4438 decanthatione
880 4373 916 4438 et
937 4366 1180 4458 expressione
1210 4364 1349 4436 obtenti
1377 4369 1414 4434 et

215 4492 308 4566 inter
328 4515 368 4566 se
389 4495 578 4566 commixti
604 4494 788 4567 tiltrentnr
822 4499 859 4565 et
892 4495 929 4565 in
960 4494 1094 4566 balneo
1116 4515 1237 4585 aquae
1272 4494 1319 4564 ad
1349 4515 1411 4564 ex-

215 4625 373 4693 tractum
394 4621 535 4694 siccam
556 4624 796 4715 evaporando
817 4623 954 4713 redige,
990 4623 1097 4713 cujas
1131 4623 1281 4714 poncias
1303 4621 1408 4693 mini-

215 4769 315 4836 mum
336 4749 385 4820 sit
753 4757 986 4846 protantium
1009 4749 1275 4845 perirrpuapr'nto.
1360 4752 1410 4822 50
