3600 5534
692 578 934 649 -uol-

215 796 343 889 primis
364 795 569 868 Bosioelliae
592 794 747 867 Corterii
764 794 1005 866 Birdwood
1022 798 1058 866 et
1073 792 1276 865 Boauelliue
1290 792 1412 864 Blau-

216 922 399 1018 Dajiunae
422 923 678 1012 Birdwood,
719 923 894 995 arborum
935 922 1193 1013 indigenarum
1212 920 1250 993 in
1278 920 1415 993 Arabia

217 1050 369 1125 australi
417 1055 455 1124 et
499 1052 537 1124 in
574 1052 725 1143 regione
764 1050 985 1123 Somaliensi
1021 1048 1165 1121 Africae
1214 1048 1412 1120 orientalis.

218 1178 460 1251 Burseruceue.

326 1305 495 1379 Occurrit
531 1306 570 1377 in
608 1306 735 1397 granis
775 1304 1015 1396 subglobosis
1045 1304 1104 1375 vel
1133 1303 1315 1393 oblongis,
1342 1302 1413 1395 pisi

220 1432 267 1502 ad
295 1452 488 1505 summum
525 1432 632 1505 nucis
648 1431 842 1523 juglandis
870 1430 1138 1522 magnitudine,
1178 1429 1415 1502 albo-ssaves-

219 1559 388 1631 centibus
425 1559 483 1631 vel
522 1559 802 1647 flavo-cobellis,
842 1562 949 1630 extus
980 1557 1415 1651 alnido-pulverulentis,

219 1688 330 1777 duria,
350 1686 552 1777 fragilibus
572 1686 796 1773 infractura
816 1685 1001 1758 conchata
1021 1705 1130 1757 cerae
1154 1684 1276 1757 instar
1294 1684 1414 1756 niten-

218 1814 329 1902 tibus
348 1814 387 1886 in
401 1814 619 1905 fragmentis
635 1811 812 1887 tenuibus
829 1814 1048 1906 plerumque
1069 1812 1190 1901 claris,
1210 1810 1415 1905 pellucidis

220 1942 345 2015 odoris
365 1941 506 2030 debilia
527 1963 642 2034 super
659 1942 791 2034 prunis
821 1940 1016 2013 balsamici
1043 1940 1241 2029 notissimi,
1269 1938 1415 2031 saporis

222 2068 470 2142 amar-iusculi.
1263 2070 1267 2077 ’

327 2196 523 2269 Masticata
543 2195 824 2287 gummi-resina
842 2196 1012 2268 molescit
1031 2201 1068 2269 et
1089 2217 1258 2268 massam
1280 2194 1416 2281 albam,

222 2324 533 2416 subglutinosam,
553 2346 653 2417 aqua
671 2324 758 2397 trita
777 2322 1024 2397 emulsionem
1045 2324 1170 2395 albam
1189 2322 1357 2415 praebet.

327 2450 572 2547 Ernpluatrum
590 2474 821 2549 ocycroccum.

659 2740 980 2875 omum.

331 2961 496 3057 Papauer
513 2960 743 3055 somniferam
763 2961 895 3051 Lina,
916 2962 1045 3053 planta
1058 2981 1195 3048 annua,
1212 2960 1250 3031 in
1267 2957 1417 3030 Oriente

225 3089 401 3192 indigena
418 3089 542 3183 ibique
561 3090 721 3163 maxime
742 3089 851 3161 culta
873 3088 1146 3184 Papaueroceoa

331 3216 475 3289 Succus
493 3217 647 3303 lacteus
680 3216 719 3288 in
737 3215 831 3288 Asia
863 3216 1006 3288 minore
1040 3235 1060 3286 e
1091 3213 1256 3306 capsulis
1284 3212 1416 3284 imma-

223 3343 314 3416 turis
352 3344 556 3417 vulneratis
605 3344 748 3417 elicitus
796 3351 957 3437 aereque
995 3344 1204 3415 induratus.
1251 3339 1420 3413 Occurrit
1473 3378 1474 3381 ¹

224 3472 442 3566 plerumque
470 3474 509 3546 in
533 3473 715 3565 placentis
744 3473 857 3564 paulo
878 3471 1116 3565 compressis
1147 3468 1421 3541 disciformibus

226 3605 289 3672 aut
321 3598 575 3692 subglobosiS,
598 3598 698 3671 ¹folio
731 3599 930 3691 papaveris
966 3604 1139 3671 accurate
1173 3594 1350 3668 involutis
1386 3599 1422 3665 et

225 3726 404 3800 fiuctibus
450 3726 603 3799 rumicis
664 3724 803 3818 speciei
859 3746 1135 3819 nonnunquam
1192 3722 1419 3815 conspersis.

226 3855 410 3927 Recentes
420 3853 715 3941 snntmollicrcS,
732 3853 832 3925 intus
843 3852 980 3926 coloris
995 3850 1216 3939 ssavo-fusci,
1232 3849 1419 3935 humidae,

227 3988 386 4072 tenaces,
406 3982 625 4074 glutinosae,
646 3979 855 4051 exsiccatae
876 3982 1002 4069 durae,
1028 3980 1067 4051 in
1093 3980 1258 4051 fractura
1287 3996 1420 4067 granu-

226 4109 302 4183 lata
335 4131 382 4182 ex
404 4109 517 4182 rubro
550 4110 694 4196 fuscae,
723 4108 849 4181 odoris
882 4106 1022 4201 proprii
1050 4104 1246 4195 narcotici,
1269 4102 1420 4195 'saporis

228 4239 344 4311 amari
364 4241 400 4310 et
419 4237 524 4311 acris.

333 4364 461 4438 Pulvis
488 4386 508 4436 e
537 4364 634 4436 ssavo
668 4363 808 4450 fuscus,
833 4360 1082 4453 microscopio
1113 4360 1337 4453 exploratae,
1370 4378 1419 4429 ne

228 4493 407 4584 praebeat
425 4514 542 4583 grana
561 4491 673 4582 amyli
692 4511 787 4563 neve
806 4488 1009 4582 particulas
1029 4486 1188 4580 alicujus
1202 4486 1296 4559 telae
1312 4507 1423 4575 vege·

229 4620 351 4693 labilis
388 4618 550 4712 exceptis
587 4616 785 4711 perpaucis
817 4616 1036 4707 fragmentis
1078 4614 1241 4708 epithelii
1279 4613 1421 4685 fructus

229 4747 435 4841 papaveris
