3600 5534
868 523 1076 594 --58-

374 735 539 808 admisce
555 735 700 810 Chinini
714 741 872 814 recentis
887 740 1008 834 parati
1028 739 1152 811 adhuc
1173 740 1317 813 humidi
1336 746 1373 813 et
1385 743 1480 816 bene
1494 742 1570 830 loti,

374 864 476 954 quod
496 885 543 936 ex

483 988 623 1066 chirisi
643 991 810 1070 sulfurioi
1028 996 1199 1089 prummis
1218 993 1376 1066 tredecim
1395 1001 1427 1066 et

1079 1120 1226 1193 dimidio
1482 1124 1569 1197 13·5

373 1269 444 1339 ope
465 1248 558 1320 acidi
587 1249 752 1322 sulsurici
780 1249 819 1321 in
843 1270 944 1340 aqua
967 1248 1154 1321 destillata
1177 1251 1360 1323 solvendo
1387 1257 1423 1324 et
1450 1251 1571 1325 natrio

374 1374 657 1466 hydrooxydato
679 1378 803 1450 soluto
824 1376 1102 1468 praecipitando
1122 1376 1324 1450 obtinuisti.

483 1502 673 1575 Solutione
698 1486 850 1595 peracta
881 1503 1074 1594 liquidum,
1107 1503 1146 1574 in
1178 1505 1306 1596 patina
1336 1506 1573 1597 porcellanea

373 1631 604 1702 tenuioribus
629 1631 755 1703 stratis
781 1631 922 1719 illitum,
952 1630 1027 1702 leni
1047 1630 1169 1702 calore
1199 1631 1247 1702 ab
1275 1632 1359 1703 luce
1386 1638 1572 1705 remotum

374 1757 484 1830 sicca.

482 1885 669 1959 Lemellae
689 1886 844 1974 nitidae,
874 1885 1097 1978 diaphanae‚
1119 1885 1253 1958 coloris
1280 1907 1299 1958 e
1324 1884 1437 1959 rubro
1466 1886 1571 1974 busci,

374 2015 519 2106 saporis
541 2014 657 2085 arnari
676 2012 883 2104 ferruginei,
904 2013 943 2084 in
973 2034 1072 2104 aqua
1091 2013 1191 2086 lente
1211 2013 1363 2105 quidem
1383 2015 1451 2086 sed
1471 2014 1571 2085 ornni
1618 2025 1623 2032 ’

373 2141 623 2234 proportione,
644 2141 681 2212 in
701 2140 831 2233 spiritu
850 2140 925 2212 vini
943 2140 1113 2232 paullum
1131 2140 1322 2213 solubiles.

483 2266 624 2341 Solutio
667 2289 812 2360 aquosa
866 2267 1240 2359 balio-ferrocyanato
1287 2267 1573 2360 praecipitatum

373 2397 585 2468 caeruleum
605 2396 773 2482 demittit;
796 2395 930 2487 quodsi
950 2415 1036 2466 curn
1056 2394 1242 2467 solutione
1261 2417 1415 2488 aquosa,
1437 2394 1570 2467 additis

374 2523 485 2614 guttis
529 2515 719 2596 nonnullis
766 2523 876 2594 natrii
921 2521 1204 2614 hydrooxydati,
1257 2522 1388 2596 aether
1425 2523 1572 2616 aequali

374 2650 561 2723 volumine
595 2650 886 2741 conquassando
920 2649 1097 2722 miscetur
1129 2654 1166 2721 et
1198 2649 1244 2719 ab
1278 2655 1394 2722 strato
1425 2672 1570 2743 aquoso

374 2777 567 2868 sejunctus
590 2779 637 2851 ad
667 2778 809 2850 siccurn
830 2782 1063 2871 evaporatur,
1090 2775 1294 2864 residuum,
1320 2778 1422 2868 quod
1442 2782 1571 2865 exstat,

373 2906 411 2978 in
450 2927 549 2998 aqua
581 2906 687 2978 acido
722 2904 1005 2996 hydrochlorico
1039 2903 1225 2976 acidulata
1261 2904 1438 2993 solutum,
1473 2927 1571 2996 aqua

377 3033 493 3106 chlori
514 3033 737 3106 succedente
758 3033 947 3104 ammonia
966 3032 1089 3104 colore
1109 3030 1214 3103 viridi
1234 3031 1405 3104 inficitur.

483 3161 658 3233 Servetur
677 3183 700 3232 a
718 3161 800 3232 luce
819 3166 1015 3233 rernoturn.

577 3480 858 3590 Ubininum
882 3480 1368 3623 hydrochloricum.

485 3687 656 3779 Crystalli
690 3690 904 3776 aniculares,
938 3688 1055 3776 albae,
1088 3687 1216 3759 nitoris
1249 3686 1390 3774 sericei,
1425 3685 1570 3778 saporis

377 3815 503 3904 amari,
538 3817 576 3887 in
609 3837 730 3908 aquae
763 3816 932 3907 partibus
958 3816 1099 3887 circiter
1120 3814 1181 3902 34,
1210 3813 1328 3885 rnulto
1356 3813 1501 3886 facilius
1533 3814 1572 3886 in

376 3944 508 4036 spiritu
536 3943 612 4015 vini
641 3963 708 4014 nec
737 3964 816 4014 non
848 3943 887 4015 in
920 3941 1181 4014 chloroformio
1201 3940 1391 4015 solubiles.
1427 3939 1569 4014 Solutio

376 4093 531 4164 aquosa,
564 4071 763 4143 reactionis
782 4070 961 4158 neutrius,
991 4089 1068 4141 non
1087 4070 1285 4158 humescit,
1318 4068 1446 4141 addita
1472 4089 1572 4159 aqua

376 4200 492 4272 chlori
519 4206 554 4272 et
574 4199 763 4270 ammonia
783 4199 945 4270 colorem
969 4196 1123 4268 viridem
1147 4197 1269 4284 trahit,
1296 4217 1383 4268 curn
1414 4200 1568 4286 argento

375 4329 503 4400 uitrico
529 4326 812 4420 praecipitatum
843 4325 969 4397 alburn
988 4323 1107 4412 efficit,
1136 4325 1188 4397 ita
1215 4323 1378 4417 quidem,
1406 4328 1449 4395 ut
1477 4322 1570 4395 deci-

375 4462 583 4547 grammata
602 4456 676 4528 duo
702 4455 792 4526 salis
815 4453 852 4524 in
873 4452 1097 4524 centimetris
1122 4451 1263 4523 cubicis
1290 4450 1420 4521 decern
1449 4471 1570 4542 aquae

375 4583 580 4656 destillatae
596 4583 729 4669 soluta,
747 4580 900 4670 adjectis
916 4579 1058 4669 aliquot
1073 4579 1185 4669 guttis
1202 4577 1297 4650 acidi
1310 4577 1439 4666 nitrici,
1460 4577 1569 4650 centi-

374 4717 492 4784 nretra
509 4711 641 4782 cubica
652 4709 815 4800 quinque
827 4705 1023 4780 solutionis
1044 4706 1186 4796 argenti
1204 4705 1324 4777 uitrici
1343 4705 1569 4778 volumetrici
