3600 5534
860 513 1097 588 -246-

482 732 730 806 Maeeraiione
745 732 784 805 in
800 754 899 826 aqna
912 732 1085 805 facillime
1101 739 1299 824 separatur
1313 731 1576 807 indumentum

377 862 717 949 membranaceum,
736 860 1026 954 perispermium
1045 866 1083 933 et
1103 862 1268 952 embry0.

485 988 619 1061 Odoris
640 994 698 1062 est
717 1010 847 1061 semen
866 988 1076 1082 peculiaria
1096 988 1241 1077 debilis,
1271 987 1397 1077 virosi,
1426 988 1575 1079 saporis

375 1114 612 1190 amarissimi.

487 1244 665 1319 iinaura.

601 1626 901 1739 Samen
935 1623 1356 1762 Semelam.

826 1851 924 1933 Nux
946 1853 1115 1933 vomiaa.

484 2048 669 2150 Samaeos
683 2049 767 2123 Nux
780 2050 916 2122 vomica
934 2050 1070 2137 Linn.‚
1091 2049 1202 2122 arbor
1220 2048 1349 2123 Indiae
1369 2048 1572 2122 orientalis,

372 2178 621 2275 Logariareae.

483 2306 636 2379 Semina
674 2308 875 2399 diseoidea‚
916 2327 1029 2397 saepe
1063 2302 1354 2393 sub-incurvata,
1400 2304 1571 2397 margine

373 2434 593 2523 incrassata,
627 2442 753 2509 centro
786 2436 1004 2522 umbonata
1034 2434 1108 2505 duo
1133 2434 1181 2506 ad
1211 2432 1285 2505 duo
1312 2439 1349 2507 et
1377 2432 1571 2505 dimidium

372 2563 635 2636 centimetrain
645 2564 837 2652 diametro,
847 2562 1066 2635 indumento
1081 2560 1196 2652 molli,
1211 2560 1363 2651 sericeo,
1378 2559 1571 2633 subviridi-

372 2690 432 2763 vel
464 2690 772 2783 subflavo-griseo
803 2713 822 2764 e
847 2690 933 2783 pilis
957 2688 1148 2782 adpressis
1173 2688 1290 2761 dense
1321 2688 1464 2779 vestita,
1494 2686 1569 2759 hilo

371 2818 566 2909 marginali
593 2818 913 2905 veruculaeformi,
947 2817 1134 2890 albumine
1172 2815 1410 2908 ramilagineo
1445 2815 1570 2888 albido

371 2950 435 3017 aut
454 2944 670 3037 subglaueo,
700 2944 884 3039 bipartite,
917 2943 1086 3036 margine
1115 2947 1293 3033 connato,
1328 2943 1570 3035 embryonem

371 3070 621 3146 excentricnm
645 3072 929 3165 cotyledonihus
957 3070 1089 3163 planis⁷
1115 3070 1288 3162 cordatiS,
1308 3069 1501 3162 palmatim
1526 3074 1567 3143 5-

368 3197 417 3273 ad
447 3199 639 3294 inermia,
658 3200 824 3274 foliaceis
845 3206 882 3273 et
904 3198 1071 3272 radicula
1089 3198 1193 3270 tereti
1211 3198 1433 3271 instinctum
1451 3197 1568 3270 inclu-

369 3327 492 3418 dente,
512 3326 658 3420 saporis
678 3325 915 3400 amarissimi.

476 3452 697 3529 Extremum.
723 3454 904 3529 Tinctum.

769 3830 958 3941 Serum
984 3832 1178 3942 Laetis.

367 4056 468 4150 Rpe:
503 4055 619 4133 noetis
640 4054 778 4134 moini
797 4056 957 4135 rorentis
982 4064 1186 4155 grammata
1206 4058 1415 4156 octingenta.
1487 4057 1566 4129 800

475 4184 680 4275 Ebulliant;
701 4186 772 4259 sub
791 4185 898 4259 initio
919 4185 1144 4260 ebullitionis
1165 4186 1261 4259 adde

501 4310 600 4389 Anat}
655 4320 858 4410 grammata
878 4320 962 4387 octo.
1541 4316 1564 4387 8

472 4441 740 4533 Coagulatione
752 4448 907 4536 peracta
919 4443 1102 4535 liquorem
1117 4441 1468 4533 semirefrigeratum
1484 4440 1567 4514 cola

364 4574 401 4643 et
422 4590 507 4643 cum

495 4692 686 4773 Albaniue
706 4693 770 4774 (ivi
789 4697 982 4799 ganimai
1036 4700 1143 4772 unius
