3600 5534
726 544 935 615 ..87-

692 755 966 864 llxtracto.

338 993 577 1070 Substantiae
598 998 821 1090 plantarum,
843 1001 891 1074 ad
917 1002 1093 1075 Extracta
1116 1005 1288 1095 paranda
1313 1006 1423 1079 desti-

225 1126 348 1213 natae,
364 1145 431 1216 pro
448 1145 578 1198 aarum
597 1126 727 1200 habitu
747 1133 784 1200 et
802 1133 949 1202 textura
973 1131 1135 1204 siccatae
1160 1132 1334 1205 concisae
1359 1140 1424 1207 aut

226 1255 416 1341 contusae,
444 1251 574 1344 grosso
606 1257 661 1326 vel
693 1257 875 1329 subtiliter
904 1260 1121 1350 pulveratae
1157 1259 1416 1334 adhibeantur.

336 1397 394 1469 Ad
436 1399 631 1473 efficienda
669 1409 833 1475 extracta
871 1426 1015 1496 aquosa
1062 1405 1296 1479 substantiae
1344 1407 1423 1480 sive

227 1535 487 1624 maceratione,
510 1537 590 1610 sive
612 1536 822 1627 digestione
839 1532 1092 1624 subjiciantur.
1116 1533 1281 1606 Durante
1297 1554 1420 1608 mace-

224 1659 368 1732 ratione
388 1662 610 1753 vegetabilia
628 1685 676 1736 ne
696 1663 794 1736 ultra
815 1663 904 1748 d00,
926 1661 1132 1751 digestione
1157 1661 1322 1734 neultra
1343 1663 1416 1735 500

224 1789 406 1862 calefiant.
436 1791 635 1865 Maceratio
662 1815 707 1864 ue
737 1791 882 1864 indies
917 1791 1168 1882 protrahatur,
1196 1811 1269 1881 quo
1298 1791 1422 1863 soluta

223 1915 261 1987 in
290 1916 616 1992 fermentationem
644 1922 791 2008 abeunt,
826 1921 906 1993 sive
935 1918 1132 1992 mucedine
1158 1918 1417 2010 corripiuntur.

330 2045 509 2138 Liquores
549 2047 701 2140 aquosi,
747 2048 906 2138 singulis
945 2045 1227 2138 operationibus
1267 2045 1417 2136 defluxi,

222 2170 350 2244 statim
361 2172 398 2246 in
414 2173 548 2246 balneo
565 2198 684 2266 aquae
700 2177 748 2248 ad
764 2181 937 2268 quartam
951 2173 1153 2246 voluminis
1168 2178 1313 2265 partem
1332 2196 1416 2247 eva-

222 2299 391 2389 porando
425 2301 650 2393 redigantur,
686 2308 764 2375 tum
798 2304 880 2374 loco
915 2301 1047 2394 frigido
1082 2305 1315 2394 seponantur
1340 2308 1418 2374 eta

223 2429 441 2501 substantiis
460 2449 536 2500 non
558 2430 780 2502 solubilibus
812 2431 995 2522 depositis
1022 2431 1100 2502 sive
1130 2429 1418 2503 decantbatione

219 2555 297 2627 sive
327 2556 526 2629 liltratione
555 2557 708 2644 liberati,
739 2557 833 2629 inter
862 2579 904 2630 se
932 2558 1038 2630 mixti
1068 2559 1138 2630 sub
1164 2563 1415 2650 temperatura

224 2683 321 2754 1000
356 2703 433 2756 non
461 2685 665 2776 attingente
693 2688 740 2759 ad
767 2685 908 2776 justam
937 2686 1095 2758 extracti
1128 2686 1415 2759 consistentiam

220 2819 481 2904 evaporantur.

327 2941 566 3016 substantiae
587 2944 635 3016 ad
656 2947 822 3016 extracta
842 2943 1048 3034 spirituosa
1068 2946 1103 3014 et
1132 2942 1285 3014 aethera
1303 2944 1415 3014 conli-

219 3069 360 3156 cienda,
393 3071 610 3162 pulveratae
640 3077 675 3144 et
709 3093 795 3144 cum
830 3073 966 3163 exigua
995 3069 1202 3161 quantitate
1230 3071 1414 3143 menstrui

216 3197 463 3288 humectatae,
478 3199 694 3288 ingerantur
709 3201 746 3271 in
763 3206 986 3291 apparatum
1006 3199 1270 3290 depulsorium,
1292 3199 1410 3272 affun-

216 3325 339 3399 dendo
385 3327 562 3398 menstrui
600 3326 848 3398 subicientem
897 3327 1156 3418 quantitatem,
1196 3329 1236 3396 ut
1282 3348 1413 3398 massa

214 3453 359 3545 liquore
379 3459 478 3526 tecta
497 3453 553 3525 sit.
581 3454 779 3526 Maceratio
801 3459 984 3546 apparatu
1005 3455 1133 3526 clauso
1158 3475 1225 3546 per
1252 3454 1410 3546 quadra-

214 3581 316 3671 ginta
331 3585 416 3653 octo
432 3581 546 3653 horas
567 3581 815 3653 continuetur.
838 3582 930 3653 Dein
949 3582 1131 3674 liquidum
1151 3581 1319 3653 defluens
1336 3583 1410 3654 col·

213 3709 282 3800 lige
306 3715 342 3781 et
363 3710 518 3783 residuo
539 3709 806 3801 superabunde
823 3731 888 3802 per
905 3711 1006 3782 vicos
1023 3709 1205 3801 reliquam
1226 3712 1412 3784 menstrui

212 3837 469 3927 quantitatem.
490 3837 670 3930 Liquores
692 3837 833 3908 collecti
859 3837 1087 3909 misceantur
1116 3843 1152 3910 et
1171 3837 1410 3911 destillationi

211 3964 465 4056 subjiciantur.
476 3964 681 4036 Residuum
696 3964 770 4035 leni
783 3965 904 4036 calore
913 3965 960 4035 ad
971 3965 1242 4057 praescriptam
1254 3967 1407 4039 extracti

211 4091 493 4164 consistentiam
513 4091 714 4182 redigatur.

317 4219 491 4291 Extracta
525 4219 579 4290 sic
607 4219 705 4291 dicta
738 4220 851 4291 fluid
862 4243 884 4291 a
910 4219 948 4291 in
982 4225 1166 4312 apparatu
1192 4221 1407 4313 depulsorio

208 4349 339 4418 eodem
373 4347 485 4418 modo
516 4353 556 4419 ut
589 4353 756 4420 extracta
785 4347 988 4440 spirituosa
1016 4353 1204 4440 parentur,
1241 4355 1406 4422 attamen

208 4473 327 4566 liquor
348 4475 725 4570 primuruudctluxus,
761 4475 895 4566 quodsi
931 4477 1122 4548 delinitam
1157 4478 1405 4568 quantitatem

207 4603 378 4693 attigerit,
400 4609 593 4694 separetur
610 4603 790 4694 areliqua
809 4602 940 4694 liquidi
957 4603 1155 4676 detlucnlis
1171 4605 1290 4696 copia,
1308 4629 1402 4698 quae

206 4729 445 4802 destillationi
484 4729 712 4820 subjiciatur.
753 4731 958 4803 Residuum
996 4732 1081 4804 imle
1117 4754 1314 4804 r'cruarreus
1355 4732 1402 4805 ad
