<?xml version="1.0" encoding="UTF-8"?>
<!DOCTYPE html PUBLIC "-//W3C//DTD XHTML 1.0 Transitional//EN"
    "http://www.w3.org/TR/xhtml1/DTD/xhtml1-transitional.dtd">
<html xmlns="http://www.w3.org/1999/xhtml" xml:lang="en" lang="en">
 <head>
  <title>
</title>
<meta http-equiv="Content-Type" content="text/html;charset=utf-8" />
  <meta name='ocr-system' content='tesseract 3.04.00' />
  <meta name='ocr-capabilities' content='ocr_page ocr_carea ocr_par ocr_line ocrx_word'/>
</head>
<body>
  <div class='ocr_page' id='page_1' title='image "./pharmacopoeaaus01unkngoog_0078.png"; bbox 0 0 3600 5534; ppageno 0'>
   <div class='ocr_carea' id='block_1_1' title="bbox 841 545 1050 618">
    <p class='ocr_par' dir='ltr' id='par_1_1' title="bbox 841 545 1050 618">
     <span class='ocr_line' id='line_1_1' title="bbox 841 545 1050 618; baseline 0 -20"><span class='ocrx_word' id='word_1_1' title='bbox 841 545 1050 618; x_wconf 69' lang='lat'><strong>„50...</strong></span> 
     </span>
    </p>
   </div>
   <div class='ocr_carea' id='block_1_2' title="bbox 789 866 1106 1009">
    <p class='ocr_par' dir='ltr' id='par_1_2' title="bbox 789 866 1106 1009">
     <span class='ocr_line' id='line_1_2' title="bbox 789 866 1106 1009; baseline 0.025 -33"><span class='ocrx_word' id='word_1_2' title='bbox 789 866 1106 1009; x_wconf 78' lang='lat' dir='ltr'>Camphora.</span> 
     </span>
    </p>
   </div>
   <div class='ocr_carea' id='block_1_3' title="bbox 346 1091 1550 3097">
    <p class='ocr_par' dir='ltr' id='par_1_3' title="bbox 346 1091 1542 1313">
     <span class='ocr_line' id='line_1_3' title="bbox 461 1091 1542 1188; baseline 0.002 -26"><span class='ocrx_word' id='word_1_3' title='bbox 461 1091 727 1164; x_wconf 80' lang='lat' dir='ltr'>Cinnomomum</span> <span class='ocrx_word' id='word_1_4' title='bbox 770 1091 969 1188; x_wconf 76' lang='lat' dir='ltr'>Camphora</span> <span class='ocrx_word' id='word_1_5' title='bbox 1015 1093 1047 1164; x_wconf 92' lang='lat' dir='ltr'>N</span> <span class='ocrx_word' id='word_1_6' title='bbox 1058 1115 1139 1166; x_wconf 90' lang='lat' dir='ltr'>ees</span> <span class='ocrx_word' id='word_1_7' title='bbox 1186 1099 1224 1166; x_wconf 86' lang='lat' dir='ltr'>et</span> <span class='ocrx_word' id='word_1_8' title='bbox 1271 1093 1542 1179; x_wconf 84' lang='lat' dir='ltr'>Ebermaier‚</span> 
     </span>
     <span class='ocr_line' id='line_1_4' title="bbox 346 1218 1336 1313; baseline 0.003 -23"><span class='ocrx_word' id='word_1_9' title='bbox 346 1219 459 1292; x_wconf 92' lang='lat' dir='ltr'>arbor</span> <span class='ocrx_word' id='word_1_10' title='bbox 477 1219 516 1292; x_wconf 93' lang='lat' dir='ltr'>in</span> <span class='ocrx_word' id='word_1_11' title='bbox 536 1218 655 1293; x_wconf 88' lang='lat' dir='ltr'>Cbina</span> <span class='ocrx_word' id='word_1_12' title='bbox 675 1226 711 1292; x_wconf 90' lang='lat' dir='ltr'>et</span> <span class='ocrx_word' id='word_1_13' title='bbox 730 1219 889 1313; x_wconf 86' lang='lat' dir='ltr'>Japonia</span> <span class='ocrx_word' id='word_1_14' title='bbox 908 1220 1093 1312; x_wconf 84' lang='lat' dir='ltr'><strong>indigena.</strong></span> <span class='ocrx_word' id='word_1_15' title='bbox 1120 1219 1336 1293; x_wconf 81' lang='lat' dir='ltr'>Lauracare.</span> 
     </span>
    </p>

    <p class='ocr_par' dir='ltr' id='par_1_4' title="bbox 346 1345 1547 1820">
     <span class='ocr_line' id='line_1_5' title="bbox 456 1345 1544 1440; baseline 0.001 -22"><span class='ocrx_word' id='word_1_16' title='bbox 456 1345 754 1438; x_wconf 85' lang='lat' dir='ltr'>Stearoptenum,</span> <span class='ocrx_word' id='word_1_17' title='bbox 785 1368 804 1420; x_wconf 93' lang='lat' dir='ltr'>e</span> <span class='ocrx_word' id='word_1_18' title='bbox 833 1348 1002 1440; x_wconf 83' lang='lat' dir='ltr'>partibus</span> <span class='ocrx_word' id='word_1_19' title='bbox 1023 1347 1165 1421; x_wconf 91' lang='lat' dir='ltr'>arboris</span> <span class='ocrx_word' id='word_1_20' title='bbox 1185 1348 1357 1421; x_wconf 82' lang='lat' dir='ltr'>dissectis</span> <span class='ocrx_word' id='word_1_21' title='bbox 1383 1347 1544 1421; x_wconf 89' lang='lat' dir='ltr'>destilla-</span> 
     </span>
     <span class='ocr_line' id='line_1_6' title="bbox 346 1473 1544 1570; baseline -0.001 -23"><span class='ocrx_word' id='word_1_22' title='bbox 346 1473 447 1548; x_wconf 83' lang='lat' dir='ltr'>tione</span> <span class='ocrx_word' id='word_1_23' title='bbox 486 1495 571 1546; x_wconf 89' lang='lat' dir='ltr'>eum</span> <span class='ocrx_word' id='word_1_24' title='bbox 605 1496 705 1567; x_wconf 89' lang='lat' dir='ltr'>aqna</span> <span class='ocrx_word' id='word_1_25' title='bbox 742 1476 937 1550; x_wconf 85' lang='lat' dir='ltr'>obtentum</span> <span class='ocrx_word' id='word_1_26' title='bbox 970 1482 1007 1550; x_wconf 90' lang='lat' dir='ltr'>et</span> <span class='ocrx_word' id='word_1_27' title='bbox 1039 1475 1302 1548; x_wconf 78' lang='lat' dir='ltr'>sublimatione</span> <span class='ocrx_word' id='word_1_28' title='bbox 1335 1482 1544 1570; x_wconf 81' lang='lat' dir='ltr'>prugatam,</span> 
     </span>
     <span class='ocr_line' id='line_1_7' title="bbox 346 1601 1547 1694; baseline 0.001 -21"><span class='ocrx_word' id='word_1_29' title='bbox 346 1605 492 1694; x_wconf 82' lang='lat' dir='ltr'>prostat</span> <span class='ocrx_word' id='word_1_30' title='bbox 523 1601 562 1673; x_wconf 90' lang='lat' dir='ltr'>in</span> <span class='ocrx_word' id='word_1_31' title='bbox 589 1601 770 1694; x_wconf 89' lang='lat' dir='ltr'>placentis</span> <span class='ocrx_word' id='word_1_32' title='bbox 800 1603 1071 1676; x_wconf 89' lang='lat' dir='ltr'>orbicularibus</span> <span class='ocrx_word' id='word_1_33' title='bbox 1102 1604 1475 1691; x_wconf 83' lang='lat' dir='ltr'>concavo-convexis,</span> <span class='ocrx_word' id='word_1_34' title='bbox 1508 1602 1547 1674; x_wconf 90' lang='lat' dir='ltr'>in</span> 
     </span>
     <span class='ocr_line' id='line_1_8' title="bbox 347 1728 697 1820; baseline 0.014 -22"><span class='ocrx_word' id='word_1_35' title='bbox 347 1728 471 1801; x_wconf 90' lang='lat' dir='ltr'>medio</span> <span class='ocrx_word' id='word_1_36' title='bbox 490 1729 697 1820; x_wconf 83' lang='lat' dir='ltr'>perforatis.</span> 
     </span>
    </p>

    <p class='ocr_par' dir='ltr' id='par_1_5' title="bbox 348 1854 1547 2714">
     <span class='ocr_line' id='line_1_9' title="bbox 457 1854 1546 1950; baseline 0.002 -22"><span class='ocrx_word' id='word_1_37' title='bbox 457 1854 675 1929; x_wconf 88' lang='lat' dir='ltr'>Substantia</span> <span class='ocrx_word' id='word_1_38' title='bbox 703 1859 1149 1950; x_wconf 78' lang='lat' dir='ltr'>granuloso-crystallina</span> <span class='ocrx_word' id='word_1_39' title='bbox 1184 1859 1288 1946; x_wconf 83' lang='lat' dir='ltr'>alba,</span> <span class='ocrx_word' id='word_1_40' title='bbox 1322 1859 1360 1930; x_wconf 90' lang='lat' dir='ltr'>in</span> <span class='ocrx_word' id='word_1_41' title='bbox 1379 1859 1546 1930; x_wconf 86' lang='lat' dir='ltr'>frustulis</span> 
     </span>
     <span class='ocr_line' id='line_1_10' title="bbox 348 1982 1547 2078; baseline 0.003 -24"><span class='ocrx_word' id='word_1_42' title='bbox 348 1982 473 2075; x_wconf 87' lang='lat' dir='ltr'>parvis</span> <span class='ocrx_word' id='word_1_43' title='bbox 503 1983 665 2073; x_wconf 90' lang='lat' dir='ltr'>decolor,</span> <span class='ocrx_word' id='word_1_44' title='bbox 700 1984 899 2077; x_wconf 87' lang='lat' dir='ltr'>diaphana,</span> <span class='ocrx_word' id='word_1_45' title='bbox 932 1990 1035 2058; x_wconf 87' lang='lat' dir='ltr'>tactu</span> <span class='ocrx_word' id='word_1_46' title='bbox 1064 1991 1100 2059; x_wconf 94' lang='lat' dir='ltr'>et</span> <span class='ocrx_word' id='word_1_47' title='bbox 1125 1986 1243 2060; x_wconf 91' lang='lat' dir='ltr'>nitore</span> <span class='ocrx_word' id='word_1_48' title='bbox 1276 1985 1547 2078; x_wconf 79' lang='lat' dir='ltr'>pinguiusculo,</span> 
     </span>
     <span class='ocr_line' id='line_1_11' title="bbox 348 2109 1547 2205; baseline 0.004 -25"><span class='ocrx_word' id='word_1_49' title='bbox 348 2109 487 2201; x_wconf 70' lang='lat' dir='ltr'>fragilis</span> <span class='ocrx_word' id='word_1_50' title='bbox 507 2116 544 2182; x_wconf 92' lang='lat' dir='ltr'>et</span> <span class='ocrx_word' id='word_1_51' title='bbox 562 2109 724 2200; x_wconf 84' lang='lat' dir='ltr'>friabilis,</span> <span class='ocrx_word' id='word_1_52' title='bbox 745 2112 991 2185; x_wconf 78' lang='lat' dir='ltr'>intendentes</span> <span class='ocrx_word' id='word_1_53' title='bbox 1011 2113 1210 2203; x_wconf 72' lang='lat' dir='ltr'>subterias,</span> <span class='ocrx_word' id='word_1_54' title='bbox 1235 2114 1381 2205; x_wconf 88' lang='lat' dir='ltr'>saporis</span> <span class='ocrx_word' id='word_1_55' title='bbox 1402 2134 1547 2186; x_wconf 85' lang='lat' dir='ltr'>aroma-</span> 
     </span>
     <span class='ocr_line' id='line_1_12' title="bbox 349 2237 1546 2334; baseline 0.003 -26"><span class='ocrx_word' id='word_1_56' title='bbox 349 2237 411 2308; x_wconf 86' lang='lat' dir='ltr'>tici</span> <span class='ocrx_word' id='word_1_57' title='bbox 426 2237 674 2326; x_wconf 88' lang='lat' dir='ltr'>amaricantis‚</span> <span class='ocrx_word' id='word_1_58' title='bbox 694 2239 956 2331; x_wconf 88' lang='lat' dir='ltr'>primumcum</span> <span class='ocrx_word' id='word_1_59' title='bbox 976 2240 1121 2328; x_wconf 84' lang='lat' dir='ltr'>caloris,</span> <span class='ocrx_word' id='word_1_60' title='bbox 1140 2245 1274 2334; x_wconf 90' lang='lat' dir='ltr'>postea</span> <span class='ocrx_word' id='word_1_61' title='bbox 1291 2262 1379 2312; x_wconf 86' lang='lat' dir='ltr'>vero</span> <span class='ocrx_word' id='word_1_62' title='bbox 1399 2239 1546 2331; x_wconf 77' lang='lat' dir='ltr'>trigoris</span> 
     </span>
     <span class='ocr_line' id='line_1_13' title="bbox 349 2365 1547 2461; baseline 0.003 -25"><span class='ocrx_word' id='word_1_63' title='bbox 349 2385 476 2452; x_wconf 86' lang='lat' dir='ltr'>sensu,</span> <span class='ocrx_word' id='word_1_64' title='bbox 487 2365 612 2438; x_wconf 89' lang='lat' dir='ltr'>odoris</span> <span class='ocrx_word' id='word_1_65' title='bbox 632 2366 826 2458; x_wconf 88' lang='lat' dir='ltr'>peculiaris</span> <span class='ocrx_word' id='word_1_66' title='bbox 845 2367 1085 2459; x_wconf 91' lang='lat' dir='ltr'>penetrantis,</span> <span class='ocrx_word' id='word_1_67' title='bbox 1094 2373 1346 2461; x_wconf 89' lang='lat' dir='ltr'>temperatura</span> <span class='ocrx_word' id='word_1_68' title='bbox 1361 2367 1547 2441; x_wconf 84' lang='lat' dir='ltr'>ordinaria</span> 
     </span>
     <span class='ocr_line' id='line_1_14' title="bbox 350 2491 1545 2586; baseline 0.004 -22"><span class='ocrx_word' id='word_1_69' title='bbox 350 2492 448 2564; x_wconf 90' lang='lat' dir='ltr'>lente</span> <span class='ocrx_word' id='word_1_70' title='bbox 460 2491 611 2584; x_wconf 86' lang='lat' dir='ltr'>quidem</span> <span class='ocrx_word' id='word_1_71' title='bbox 621 2495 689 2567; x_wconf 86' lang='lat' dir='ltr'>sed</span> <span class='ocrx_word' id='word_1_72' title='bbox 704 2493 783 2566; x_wconf 89' lang='lat' dir='ltr'>sine</span> <span class='ocrx_word' id='word_1_73' title='bbox 798 2495 875 2567; x_wconf 95' lang='lat' dir='ltr'>ullo</span> <span class='ocrx_word' id='word_1_74' title='bbox 890 2494 1040 2568; x_wconf 90' lang='lat' dir='ltr'>residuo</span> <span class='ocrx_word' id='word_1_75' title='bbox 1057 2495 1264 2586; x_wconf 74' lang='lat' dir='ltr'>aufugiens</span> <span class='ocrx_word' id='word_1_76' title='bbox 1281 2496 1545 2569; x_wconf 89' lang='lat' dir='ltr'>sublimatione</span> 
     </span>
     <span class='ocr_line' id='line_1_15' title="bbox 349 2621 1220 2714; baseline 0.006 -23"><span class='ocrx_word' id='word_1_77' title='bbox 349 2621 533 2713; x_wconf 90' lang='lat' dir='ltr'>praebens</span> <span class='ocrx_word' id='word_1_78' title='bbox 554 2621 751 2712; x_wconf 86' lang='lat' dir='ltr'>crystallos</span> <span class='ocrx_word' id='word_1_79' title='bbox 769 2622 1027 2714; x_wconf 82' lang='lat' dir='ltr'>hexagoneles</span> <span class='ocrx_word' id='word_1_80' title='bbox 1046 2624 1220 2697; x_wconf 90' lang='lat' dir='ltr'>nitentes.</span> 
     </span>
    </p>

    <p class='ocr_par' dir='ltr' id='par_1_6' title="bbox 350 2747 1550 3097">
     <span class='ocr_line' id='line_1_16' title="bbox 459 2747 1548 2842; baseline 0.004 -22"><span class='ocrx_word' id='word_1_81' title='bbox 459 2747 501 2820; x_wconf 91' lang='lat' dir='ltr'>In</span> <span class='ocrx_word' id='word_1_82' title='bbox 521 2770 620 2840; x_wconf 87' lang='lat' dir='ltr'>aqua</span> <span class='ocrx_word' id='word_1_83' title='bbox 640 2748 853 2842; x_wconf 90' lang='lat' dir='ltr'>Camphora</span> <span class='ocrx_word' id='word_1_84' title='bbox 871 2750 933 2823; x_wconf 87' lang='lat' dir='ltr'>vix</span> <span class='ocrx_word' id='word_1_85' title='bbox 952 2750 1133 2839; x_wconf 88' lang='lat' dir='ltr'>solubilis,</span> <span class='ocrx_word' id='word_1_86' title='bbox 1161 2749 1312 2842; x_wconf 80' lang='lat' dir='ltr'>largiter</span> <span class='ocrx_word' id='word_1_87' title='bbox 1330 2751 1369 2824; x_wconf 91' lang='lat' dir='ltr'>in</span> <span class='ocrx_word' id='word_1_88' title='bbox 1384 2751 1548 2840; x_wconf 83' lang='lat' dir='ltr'>aethere,</span> 
     </span>
     <span class='ocr_line' id='line_1_17' title="bbox 352 2876 1550 2971; baseline 0.002 -23"><span class='ocrx_word' id='word_1_89' title='bbox 352 2876 613 2950; x_wconf 87' lang='lat' dir='ltr'>chloroformio</span> <span class='ocrx_word' id='word_1_90' title='bbox 639 2881 675 2950; x_wconf 83' lang='lat' dir='ltr'>et</span> <span class='ocrx_word' id='word_1_91' title='bbox 698 2877 829 2970; x_wconf 90' lang='lat' dir='ltr'>spiritu</span> <span class='ocrx_word' id='word_1_92' title='bbox 849 2878 935 2967; x_wconf 88' lang='lat' dir='ltr'>vini,</span> <span class='ocrx_word' id='word_1_93' title='bbox 956 2879 1091 2971; x_wconf 90' lang='lat' dir='ltr'>quibus</span> <span class='ocrx_word' id='word_1_94' title='bbox 1110 2879 1316 2971; x_wconf 84' lang='lat' dir='ltr'>liquoribus</span> <span class='ocrx_word' id='word_1_95' title='bbox 1335 2879 1550 2951; x_wconf 89' lang='lat' dir='ltr'>humectata</span> 
     </span>
     <span class='ocr_line' id='line_1_18' title="bbox 350 2985 886 3097; baseline 0.002 -20"><span class='ocrx_word' id='word_1_96' title='bbox 350 3005 389 3077; x_wconf 92' lang='lat' dir='ltr'>in</span> <span class='ocrx_word' id='word_1_97' title='bbox 406 3003 599 3096; x_wconf 90' lang='lat' dir='ltr'>pulverem</span> <span class='ocrx_word' id='word_1_98' title='bbox 617 3003 734 3096; x_wconf 81' lang='lat' dir='ltr'>redigi</span> <span class='ocrx_word' id='word_1_99' title='bbox 752 2985 886 3097; x_wconf 83' lang='lat' dir='ltr'>potest.</span> 
     </span>
    </p>
   </div>
   <div class='ocr_carea' id='block_1_4' title="bbox 353 3147 1552 3501">
    <p class='ocr_par' dir='ltr' id='par_1_7' title="bbox 353 3147 1552 3501">
     <span class='ocr_line' id='line_1_19' title="bbox 468 3147 1552 3246; baseline -0.002 -24"><span class='ocrx_word' id='word_1_100' title='bbox 468 3147 585 3222; x_wconf 82' lang='lat' dir='ltr'>Oleum</span> <span class='ocrx_word' id='word_1_101' title='bbox 606 3148 877 3242; x_wconf 66' lang='lat' dir='ltr'>complanatum.</span> <span class='ocrx_word' id='word_1_102' title='bbox 902 3149 1057 3245; x_wconf 79' lang='lat' dir='ltr'>Spiritus</span> <span class='ocrx_word' id='word_1_103' title='bbox 1074 3153 1330 3246; x_wconf 76' lang='lat' dir='ltr'>comploratus.</span> <span class='ocrx_word' id='word_1_104' title='bbox 1359 3150 1552 3246; x_wconf 80' lang='lat' dir='ltr'>Collyrium</span> 
     </span>
     <span class='ocr_line' id='line_1_20' title="bbox 353 3277 1551 3374; baseline 0.002 -26"><span class='ocrx_word' id='word_1_105' title='bbox 353 3277 573 3372; x_wconf 75' lang='lat' dir='ltr'>adstrinpens</span> <span class='ocrx_word' id='word_1_106' title='bbox 588 3277 725 3348; x_wconf 72' lang='lat' dir='ltr'>leticum.</span> <span class='ocrx_word' id='word_1_107' title='bbox 745 3277 989 3374; x_wconf 76' lang='lat' dir='ltr'>Emplastrum</span> <span class='ocrx_word' id='word_1_108' title='bbox 1003 3277 1120 3349; x_wconf 80' lang='lat' dir='ltr'>Mirrii.</span> <span class='ocrx_word' id='word_1_109' title='bbox 1137 3277 1382 3372; x_wconf 74' lang='lat' dir='ltr'>Idmplrrstrum</span> <span class='ocrx_word' id='word_1_110' title='bbox 1402 3301 1551 3374; x_wconf 80' lang='lat' dir='ltr'>sapona-</span> 
     </span>
     <span class='ocr_line' id='line_1_21' title="bbox 354 3403 1165 3501; baseline 0 -25"><span class='ocrx_word' id='word_1_111' title='bbox 354 3412 435 3476; x_wconf 84' lang='lat' dir='ltr'>ium.</span> <span class='ocrx_word' id='word_1_112' title='bbox 457 3403 691 3478; x_wconf 82' lang='lat' dir='ltr'>Lim&#39;mentum</span> <span class='ocrx_word' id='word_1_113' title='bbox 711 3405 1165 3501; x_wconf 65' lang='lat' dir='ltr'>saponem-amphorarum.</span> 
     </span>
    </p>
   </div>
   <div class='ocr_carea' id='block_1_5' title="bbox 670 3731 1248 3844">
    <p class='ocr_par' dir='ltr' id='par_1_8' title="bbox 670 3731 1248 3844">
     <span class='ocr_line' id='line_1_22' title="bbox 670 3731 1248 3844; baseline -0.007 -2"><span class='ocrx_word' id='word_1_114' title='bbox 670 3731 1248 3844; x_wconf 61' lang='lat' dir='ltr'>cantharides.</span> 
     </span>
    </p>
   </div>
   <div class='ocr_carea' id='block_1_6' title="bbox 355 3950 1554 4812">
    <p class='ocr_par' dir='ltr' id='par_1_9' title="bbox 357 3950 1552 4176">
     <span class='ocr_line' id='line_1_23' title="bbox 465 3950 1552 4050; baseline -0.003 -26"><span class='ocrx_word' id='word_1_115' title='bbox 465 3952 569 4050; x_wconf 80' lang='lat' dir='ltr'>Lydo</span> <span class='ocrx_word' id='word_1_116' title='bbox 600 3953 800 4024; x_wconf 77' lang='lat' dir='ltr'>resicetoria</span> <span class='ocrx_word' id='word_1_117' title='bbox 829 3953 1079 4039; x_wconf 78' lang='lat' dir='ltr'>Fabricius</span> <span class='ocrx_word' id='word_1_118' title='bbox 1108 3952 1292 4025; x_wconf 92' lang='lat' dir='ltr'>insectum</span> <span class='ocrx_word' id='word_1_119' title='bbox 1320 3951 1358 4023; x_wconf 91' lang='lat' dir='ltr'>in</span> <span class='ocrx_word' id='word_1_120' title='bbox 1387 3950 1552 4022; x_wconf 85' lang='lat' dir='ltr'>maxima</span> 
     </span>
     <span class='ocr_line' id='line_1_24' title="bbox 357 4079 1069 4176; baseline -0.006 -21"><span class='ocrx_word' id='word_1_121' title='bbox 357 4083 526 4176; x_wconf 86' lang='lat' dir='ltr'>Europae</span> <span class='ocrx_word' id='word_1_122' title='bbox 547 4087 651 4175; x_wconf 85' lang='lat' dir='ltr'>parte</span> <span class='ocrx_word' id='word_1_123' title='bbox 672 4081 833 4153; x_wconf 87' lang='lat' dir='ltr'>obvium.</span> <span class='ocrx_word' id='word_1_124' title='bbox 860 4079 1069 4175; x_wconf 78' lang='lat' dir='ltr'>Colocptcra.</span> 
     </span>
    </p>

    <p class='ocr_par' dir='ltr' id='par_1_10' title="bbox 355 4205 1554 4812">
     <span class='ocr_line' id='line_1_25' title="bbox 465 4205 1553 4300; baseline -0.004 -19"><span class='ocrx_word' id='word_1_125' title='bbox 465 4209 649 4282; x_wconf 82' lang='lat' dir='ltr'>Animalia</span> <span class='ocrx_word' id='word_1_126' title='bbox 681 4210 834 4300; x_wconf 83' lang='lat' dir='ltr'>integra,</span> <span class='ocrx_word' id='word_1_127' title='bbox 874 4209 1002 4300; x_wconf 88' lang='lat' dir='ltr'>sesqui</span> <span class='ocrx_word' id='word_1_128' title='bbox 1034 4210 1110 4279; x_wconf 86' lang='lat' dir='ltr'>fere</span> <span class='ocrx_word' id='word_1_129' title='bbox 1148 4208 1197 4280; x_wconf 94' lang='lat' dir='ltr'>ad</span> <span class='ocrx_word' id='word_1_130' title='bbox 1233 4207 1306 4279; x_wconf 84' lang='lat' dir='ltr'>tria</span> <span class='ocrx_word' id='word_1_131' title='bbox 1338 4205 1553 4279; x_wconf 88' lang='lat' dir='ltr'>centimetra</span> 
     </span>
     <span class='ocr_line' id='line_1_26' title="bbox 355 4331 1553 4430; baseline -0.008 -18"><span class='ocrx_word' id='word_1_132' title='bbox 355 4341 480 4430; x_wconf 81' lang='lat' dir='ltr'>longe,</span> <span class='ocrx_word' id='word_1_133' title='bbox 500 4337 681 4410; x_wconf 87' lang='lat' dir='ltr'>metallice</span> <span class='ocrx_word' id='word_1_134' title='bbox 703 4359 749 4411; x_wconf 83' lang='lat' dir='ltr'>ex</span> <span class='ocrx_word' id='word_1_135' title='bbox 769 4358 882 4409; x_wconf 83' lang='lat' dir='ltr'>aureo</span> <span class='ocrx_word' id='word_1_136' title='bbox 902 4335 1009 4408; x_wconf 82' lang='lat' dir='ltr'>viridi</span> <span class='ocrx_word' id='word_1_137' title='bbox 1028 4334 1272 4428; x_wconf 84' lang='lat' dir='ltr'>splendentia,</span> <span class='ocrx_word' id='word_1_138' title='bbox 1293 4333 1466 4407; x_wconf 87' lang='lat' dir='ltr'>antennis</span> <span class='ocrx_word' id='word_1_139' title='bbox 1485 4331 1553 4403; x_wconf 87' lang='lat' dir='ltr'>tili-</span> 
     </span>
     <span class='ocr_line' id='line_1_27' title="bbox 356 4462 1553 4557; baseline -0.004 -20"><span class='ocrx_word' id='word_1_140' title='bbox 356 4467 536 4538; x_wconf 83' lang='lat' dir='ltr'>lormibus</span> <span class='ocrx_word' id='word_1_141' title='bbox 546 4465 671 4557; x_wconf 69' lang='lat' dir='ltr'>nigris</span> <span class='ocrx_word' id='word_1_142' title='bbox 688 4465 808 4557; x_wconf 89' lang='lat' dir='ltr'>eapite</span> <span class='ocrx_word' id='word_1_143' title='bbox 824 4469 983 4552; x_wconf 85' lang='lat' dir='ltr'>exserto,</span> <span class='ocrx_word' id='word_1_144' title='bbox 1005 4463 1199 4551; x_wconf 88' lang='lat' dir='ltr'>declinato,</span> <span class='ocrx_word' id='word_1_145' title='bbox 1215 4463 1349 4534; x_wconf 90' lang='lat' dir='ltr'>obtuse</span> <span class='ocrx_word' id='word_1_146' title='bbox 1363 4462 1553 4553; x_wconf 84' lang='lat' dir='ltr'>triquetro,</span> 
     </span>
     <span class='ocr_line' id='line_1_28' title="bbox 357 4587 1554 4682; baseline -0.008 -14"><span class='ocrx_word' id='word_1_147' title='bbox 357 4594 595 4680; x_wconf 86' lang='lat' dir='ltr'>subcordato,</span> <span class='ocrx_word' id='word_1_148' title='bbox 619 4593 773 4664; x_wconf 88' lang='lat' dir='ltr'>thorace</span> <span class='ocrx_word' id='word_1_149' title='bbox 799 4593 932 4665; x_wconf 87' lang='lat' dir='ltr'>obtuse</span> <span class='ocrx_word' id='word_1_150' title='bbox 959 4590 1201 4682; x_wconf 69' lang='lat' dir='ltr'>quadrigona</span> <span class='ocrx_word' id='word_1_151' title='bbox 1230 4588 1386 4662; x_wconf 84' lang='lat' dir='ltr'>scutella</span> <span class='ocrx_word' id='word_1_152' title='bbox 1410 4587 1554 4660; x_wconf 91' lang='lat' dir='ltr'>minuto</span> 
     </span>
     <span class='ocr_line' id='line_1_29' title="bbox 357 4715 1554 4812; baseline -0.01 -14"><span class='ocrx_word' id='word_1_153' title='bbox 357 4722 769 4808; x_wconf 86' lang='lat' dir='ltr'>subrotundo-eordato‚</span> <span class='ocrx_word' id='word_1_154' title='bbox 785 4719 910 4812; x_wconf 88' lang='lat' dir='ltr'>elytris</span> <span class='ocrx_word' id='word_1_155' title='bbox 925 4718 1108 4810; x_wconf 70' lang='lat' dir='ltr'>oblongis</span> <span class='ocrx_word' id='word_1_156' title='bbox 1124 4717 1303 4810; x_wconf 84' lang='lat' dir='ltr'>angustis,</span> <span class='ocrx_word' id='word_1_157' title='bbox 1318 4717 1423 4804; x_wconf 72' lang='lat' dir='ltr'>laxis</span> <span class='ocrx_word' id='word_1_158' title='bbox 1437 4715 1554 4788; x_wconf 91' lang='lat' dir='ltr'>tenui-</span> 
     </span>
    </p>
   </div>
   <div class='ocr_carea' id='block_1_7' title="bbox 0 0 1812 5524">
    <p class='ocr_par' dir='ltr' id='par_1_11' title="bbox 0 0 1812 5524">
     <span class='ocr_line' id='line_1_30' title="bbox 0 0 1812 5524; baseline 0 0"><span class='ocrx_word' id='word_1_159' title='bbox 0 0 1812 5524; x_wconf 95' lang='lat' dir='ltr'> </span> 
     </span>
    </p>
   </div>
  </div>
 </body>
</html>
