3600 5534
867 540 1104 623 -aao-

489 763 670 835 Radicem
689 760 787 834 Rbei
805 762 842 833 in
859 761 1010 852 Europa
1025 760 1170 847 cultam,
1192 759 1228 829 in
1246 760 1440 849 segmento
1459 759 1580 827 trans-

380 913 489 963 verso
511 896 575 961 aut
589 890 700 982 plane
720 909 841 979 usque
858 888 905 960 ad
922 894 1093 960 centrum
1108 885 1221 956 radiis
1237 884 1358 973 rectis,
1374 882 1580 955 alternatim

379 1017 503 1090 rubris
525 1021 561 1088 et
580 1016 673 1089 albis
693 1016 927 1105 instructam,
948 1020 1013 1088 aut
1032 1012 1269 1086 solummodo
1299 1010 1336 1083 in
1365 1010 1506 1083 ambitu
1524 1032 1581 1081 ra·

379 1143 508 1216 diatim
521 1143 705 1232 lineatam,
722 1142 770 1215 ad
788 1147 958 1215 centrum
973 1162 1107 1212 versus
1124 1140 1225 1211 albo·
1244 1144 1280 1210 ct
1293 1130 1580 1230 rubro-puncta·

378 1275 466 1360 tam,
486 1270 616 1359 liguris
636 1269 790 1342 radiatis
811 1270 952 1355 orbam,
975 1267 1150 1339 adhibere
1171 1288 1247 1337 non
1267 1265 1363 1337 licet.

488 1394 707 1468 detractum.
730 1398 903 1491 Syrupus.
930 1394 1097 1465 Tinctum
1118 1386 1250 1488 o'quoso
1269 1398 1300 1463 et
1319 1393 1451 1463 villoso.

792 1735 968 1845 Radix
994 1735 1171 1879 Salcp.

826 1966 986 2043 Tubero
1009 1964 1138 2067 Salep.

488 2162 638 2254 Species
656 2162 824 2234 diversae
841 2182 1019 2251 generum
1036 2158 1340 2251 Orchidacearnm,
1362 2163 1417 2231 ut:
1444 2156 1578 2249 Orobis,

383 2288 531 2383 OplrrpS,
552 2288 796 2376 Platonllrero,
823 2286 1078 2383 Gymnadenio.
1439 2278 1441 2283 ¹

485 2413 1072 2507 Tuberaaqualervidatractata,
1085 2420 1163 2487 tum
1175 2415 1322 2500 siccata,
1335 2413 1577 2505 subglobosa.

377 2540 1577 2633 ovalia,ovataautoblongaintegraautrariuspalmatimpartita.

375 2691 494 2743 unum
513 2671 561 2743 ad
580 2670 651 2741 tria
671 2674 707 2741 et
727 2668 920 2739 dimidium
939 2670 1156 2741 centimetra
1180 2669 1299 2759 longa,
1329 2668 1411 2739 basi
1431 2690 1579 2759 gemma

376 2796 553 2870 caulinari
588 2796 810 2885 umbilicata,
848 2796 1069 2887 plerumque
1103 2796 1188 2888 plus
1223 2796 1346 2868 minus
1372 2801 1577 2885 corrugata,

375 2925 569 3018 superficie
599 2922 849 3013 irregulariter
880 2923 1031 3013 sulcata,
1061 2923 1243 2995 lacunosa
1263 2929 1297 2995 et
1316 2924 1462 3015 passim
1491 2923 1574 2993 reti-

374 3052 665 3141 culato-rugosa,
716 3071 818 3122 nunc
861 3049 1063 3139 sublaevia,
1101 3072 1202 3123 nnnc
1240 3052 1395 3143 paulurn
1434 3071 1575 3141 aspera,

374 3178 508 3250 coloris
525 3177 836 3269 subfusco-grisei
851 3184 916 3250 aut
936 3179 1280 3268 albo-tlavescentis
1303 3180 1466 3270 margine
1487 3178 1575 3249 sub-

372 3305 565 3398 pellucida,
595 3306 816 3398 ponderosa,
847 3306 1066 3397 subcornea,
1095 3307 1258 3397 inodora,
1288 3306 1396 3377 valde
1423 3304 1574 3377 mucila-

374 3433 515 3523 ginosa.

481 3558 727 3653 Microscopio
757 3560 949 3652 explorata
977 3562 1122 3635 excellit
1141 3562 1245 3634 radix
1275 3561 1384 3653 Salep
1405 3560 1571 3652 inprimis

371 3688 537 3760 utriculis
547 3688 757 3760 numerosis
770 3688 972 3778 grandibus
990 3690 1210 3781 mucilagine
1226 3689 1376 3781 repletis
1391 3689 1429 3760 in
1439 3710 1568 3781 paren·

371 3817 544 3907 chymate
564 3817 687 3908 amylo
712 3820 797 3887 leto.

478 3943 678 4015 Pnlverata
707 3944 822 4033 radix,
852 3944 1019 4036 partibus
1049 3946 1099 4017 50
1123 3966 1242 4036 aquae
1272 3950 1386 4036 cocta,
1417 3944 1566 4017 mucila-

370 4072 494 4162 ginem
517 4077 604 4164 post
626 4071 943 4161 refrigerationem
969 4074 1061 4143 satis
1091 4073 1255 4164 spissam
1283 4073 1446 4164 praebet,
1473 4094 1568 4163 qnae

370 4198 497 4270 addita
516 4199 700 4271 solutione
717 4198 797 4289 jodi
822 4199 985 4270 colorem
1007 4199 1222 4273 caeruleum
1241 4199 1362 4272 trahit.

478 4327 575 4399 Cave
595 4350 642 4400 ne
663 4330 796 4400 tubera
815 4328 977 4401 Colchici
1008 4328 1235 4400 autumnalis
1256 4328 1467 4400 intermixta
1486 4328 1566 4419 sint,

369 4454 624 4546 dignoscenda
642 4457 840 4547 praecipue
857 4457 963 4529 sulco
985 4457 1243 4548 longitndinali
1267 4457 1303 4527 in
1325 4461 1429 4548 parte
1446 4457 1567 4529 minus

368 4605 535 4655 convexa
555 4588 619 4655 aut
637 4584 757 4675 plana
788 4586 950 4675 grarrulis
971 4584 1081 4675 amyli
1110 4586 1328 4675 regulariter
1348 4585 1566 4676 compositis

367 4716 403 4783 et
423 4712 568 4783 delectu
587 4711 831 4783 utriculorum
851 4712 1114 4803 mucilaginem
1134 4712 1354 4805 gerentium.
