<?xml version="1.0" encoding="UTF-8"?>
<!DOCTYPE html PUBLIC "-//W3C//DTD XHTML 1.0 Transitional//EN"
    "http://www.w3.org/TR/xhtml1/DTD/xhtml1-transitional.dtd">
<html xmlns="http://www.w3.org/1999/xhtml" xml:lang="en" lang="en">
 <head>
  <title>
</title>
<meta http-equiv="Content-Type" content="text/html;charset=utf-8" />
  <meta name='ocr-system' content='tesseract 3.04.00' />
  <meta name='ocr-capabilities' content='ocr_page ocr_carea ocr_par ocr_line ocrx_word'/>
</head>
<body>
  <div class='ocr_page' id='page_1' title='image "./pharmacopoeaaus01unkngoog_0042.png"; bbox 0 0 3600 5534; ppageno 0'>
   <div class='ocr_carea' id='block_1_1' title="bbox 856 509 1066 582">
    <p class='ocr_par' dir='ltr' id='par_1_1' title="bbox 856 509 1066 582">
     <span class='ocr_line' id='line_1_1' title="bbox 856 509 1066 582; baseline 0.01 -20"><span class='ocrx_word' id='word_1_1' title='bbox 856 509 1066 582; x_wconf 78' lang='lat'>...14..</span> 
     </span>
    </p>
   </div>
   <div class='ocr_carea' id='block_1_2' title="bbox 361 725 1560 1846">
    <p class='ocr_par' dir='ltr' id='par_1_2' title="bbox 362 725 1560 932">
     <span class='ocr_line' id='line_1_2' title="bbox 470 725 1560 820; baseline -0.005 -17"><span class='ocrx_word' id='word_1_2' title='bbox 470 729 670 803; x_wconf 78' lang='lat' dir='ltr'>Continent</span> <span class='ocrx_word' id='word_1_3' title='bbox 687 729 725 802; x_wconf 89' lang='lat' dir='ltr'>ln</span> <span class='ocrx_word' id='word_1_4' title='bbox 744 733 895 802; x_wconf 86' lang='lat' dir='ltr'>centum</span> <span class='ocrx_word' id='word_1_5' title='bbox 915 727 1087 820; x_wconf 81' lang='lat' dir='ltr'>partibus</span> <span class='ocrx_word' id='word_1_6' title='bbox 1107 725 1304 798; x_wconf 90' lang='lat' dir='ltr'>minimum</span> <span class='ocrx_word' id='word_1_7' title='bbox 1326 725 1415 798; x_wconf 85' lang='grc'>960</span> <span class='ocrx_word' id='word_1_8' title='bbox 1435 730 1560 818; x_wconf 87' lang='lat' dir='ltr'>partes</span> 
     </span>
     <span class='ocr_line' id='line_1_3' title="bbox 362 857 654 932; baseline -0.007 -1"><span class='ocrx_word' id='word_1_9' title='bbox 362 859 458 931; x_wconf 82' lang='lat' dir='ltr'>acidi</span> <span class='ocrx_word' id='word_1_10' title='bbox 479 857 654 932; x_wconf 85' lang='lat' dir='ltr'>sullinici.</span> 
     </span>
    </p>

    <p class='ocr_par' dir='ltr' id='par_1_3' title="bbox 361 979 1560 1697">
     <span class='ocr_line' id='line_1_4' title="bbox 473 979 1559 1078; baseline -0.006 -21"><span class='ocrx_word' id='word_1_11' title='bbox 473 984 708 1078; x_wconf 72' lang='lat' dir='ltr'>Quapropter</span> <span class='ocrx_word' id='word_1_12' title='bbox 733 983 897 1075; x_wconf 86' lang='lat' dir='ltr'>quinque</span> <span class='ocrx_word' id='word_1_13' title='bbox 918 982 999 1073; x_wconf 72' lang='lat' dir='ltr'>eius</span> <span class='ocrx_word' id='word_1_14' title='bbox 1019 980 1385 1054; x_wconf 77' lang='lat' dir='ltr'>centimetra&#39;cubica</span> <span class='ocrx_word' id='word_1_15' title='bbox 1410 982 1450 1072; x_wconf 86' lang='grc'>(5</span> <span class='ocrx_word' id='word_1_16' title='bbox 1476 979 1559 1071; x_wconf 87' lang='grc'>00),</span> 
     </span>
     <span class='ocr_line' id='line_1_5' title="bbox 363 1107 1559 1205; baseline -0.007 -18"><span class='ocrx_word' id='word_1_17' title='bbox 363 1135 463 1205; x_wconf 85' lang='lat' dir='ltr'>aqua</span> <span class='ocrx_word' id='word_1_18' title='bbox 492 1113 540 1185; x_wconf 87' lang='lat' dir='ltr'>ad</span> <span class='ocrx_word' id='word_1_19' title='bbox 569 1113 774 1204; x_wconf 80' lang='lat' dir='ltr'>quingenta</span> <span class='ocrx_word' id='word_1_20' title='bbox 804 1112 1021 1184; x_wconf 83' lang='lat' dir='ltr'>centimeira</span> <span class='ocrx_word' id='word_1_21' title='bbox 1050 1110 1181 1184; x_wconf 88' lang='lat' dir='ltr'>cubica</span> <span class='ocrx_word' id='word_1_22' title='bbox 1209 1108 1402 1200; x_wconf 87' lang='grc'>(50000)</span> <span class='ocrx_word' id='word_1_23' title='bbox 1431 1107 1559 1196; x_wconf 83' lang='lat' dir='ltr'>diluta,</span> 
     </span>
     <span class='ocr_line' id='line_1_6' title="bbox 361 1235 1560 1335; baseline -0.005 -22"><span class='ocrx_word' id='word_1_24' title='bbox 361 1242 545 1335; x_wconf 84' lang='lat' dir='ltr'>liquorem</span> <span class='ocrx_word' id='word_1_25' title='bbox 587 1241 812 1334; x_wconf 86' lang='lat' dir='ltr'>praebeant,</span> <span class='ocrx_word' id='word_1_26' title='bbox 861 1238 968 1330; x_wconf 90' lang='lat' dir='ltr'>cujus</span> <span class='ocrx_word' id='word_1_27' title='bbox 1009 1239 1138 1310; x_wconf 89' lang='lat' dir='ltr'>decem</span> <span class='ocrx_word' id='word_1_28' title='bbox 1174 1237 1395 1309; x_wconf 90' lang='lat' dir='ltr'>centimetra</span> <span class='ocrx_word' id='word_1_29' title='bbox 1430 1235 1560 1307; x_wconf 87' lang='lat' dir='ltr'>cubica</span> 
     </span>
     <span class='ocr_line' id='line_1_7' title="bbox 362 1361 1558 1467; baseline -0.008 -24"><span class='ocrx_word' id='word_1_30' title='bbox 362 1370 430 1461; x_wconf 93' lang='grc'>(10</span> <span class='ocrx_word' id='word_1_31' title='bbox 446 1369 530 1460; x_wconf 81' lang='grc'>00),</span> <span class='ocrx_word' id='word_1_32' title='bbox 546 1373 589 1441; x_wconf 84' lang='lat' dir='ltr'>ut</span> <span class='ocrx_word' id='word_1_33' title='bbox 602 1372 736 1441; x_wconf 87' lang='lat' dir='ltr'>neutra</span> <span class='ocrx_word' id='word_1_34' title='bbox 752 1368 926 1456; x_wconf 79' lang='lat' dir='ltr'>evadant,</span> <span class='ocrx_word' id='word_1_35' title='bbox 947 1366 1140 1467; x_wconf 89' lang='lat' dir='ltr'>minimum</span> <span class='ocrx_word' id='word_1_36' title='bbox 1156 1364 1307 1456; x_wconf 82' lang='lat' dir='ltr'>triginta</span> <span class='ocrx_word' id='word_1_37' title='bbox 1322 1384 1389 1435; x_wconf 84' lang='lat' dir='ltr'>sex</span> <span class='ocrx_word' id='word_1_38' title='bbox 1405 1361 1558 1453; x_wconf 86' lang='grc'>(3600)</span> 
     </span>
     <span class='ocr_line' id='line_1_8' title="bbox 362 1490 1559 1569; baseline -0.007 0"><span class='ocrx_word' id='word_1_39' title='bbox 362 1496 579 1569; x_wconf 89' lang='lat' dir='ltr'>centimetra</span> <span class='ocrx_word' id='word_1_40' title='bbox 608 1495 739 1567; x_wconf 86' lang='lat' dir='ltr'>cubica</span> <span class='ocrx_word' id='word_1_41' title='bbox 765 1494 962 1568; x_wconf 86' lang='lat' dir='ltr'>solutionis</span> <span class='ocrx_word' id='word_1_42' title='bbox 1001 1492 1274 1566; x_wconf 87' lang='lat' dir='ltr'>acidimetricae</span> <span class='ocrx_word' id='word_1_43' title='bbox 1299 1490 1559 1562; x_wconf 88' lang='lat' dir='ltr'>decinormalis</span> 
     </span>
     <span class='ocr_line' id='line_1_9' title="bbox 361 1627 597 1697; baseline -0.013 -1"><span class='ocrx_word' id='word_1_44' title='bbox 361 1627 597 1697; x_wconf 84' lang='lat' dir='ltr'>consumant.</span> 
     </span>
    </p>

    <p class='ocr_par' dir='ltr' id='par_1_4' title="bbox 470 1748 914 1846">
     <span class='ocr_line' id='line_1_10' title="bbox 470 1748 914 1846; baseline -0.009 -24"><span class='ocrx_word' id='word_1_45' title='bbox 470 1750 606 1846; x_wconf 70' lang='lat' dir='ltr'>Liquet·</span> <span class='ocrx_word' id='word_1_46' title='bbox 626 1749 746 1821; x_wconf 79' lang='lat' dir='ltr'>acidus</span> <span class='ocrx_word' id='word_1_47' title='bbox 765 1748 914 1822; x_wconf 74' lang='lat' dir='ltr'>Helleni.</span> 
     </span>
    </p>
   </div>
   <div class='ocr_carea' id='block_1_3' title="bbox 543 2067 1379 2179">
    <p class='ocr_par' dir='ltr' id='par_1_5' title="bbox 543 2002 1379 2179">
     <span class='ocr_line' id='line_1_11' title="bbox 543 2067 1379 2179; baseline -0.002 0"><span class='ocrx_word' id='word_1_48' title='bbox 543 2069 763 2179; x_wconf 79' lang='lat' dir='ltr'>lcidum</span> <span class='ocrx_word' id='word_1_49' title='bbox 790 2069 1106 2178; x_wconf 86' lang='lat' dir='ltr'>sullnrlcum</span> <span class='ocrx_word' id='word_1_50' title='bbox 1134 2067 1379 2178; x_wconf 79' lang='lat' dir='ltr'>dilutum.</span> 
     </span>
    </p>
   </div>
   <div class='ocr_carea' id='block_1_4' title="bbox 354 2256 1556 3998">
    <p class='ocr_par' dir='ltr' id='par_1_6' title="bbox 359 2256 1556 2609">
     <span class='ocr_line' id='line_1_12' title="bbox 359 2256 1556 2353; baseline -0.003 -22"><span class='ocrx_word' id='word_1_51' title='bbox 359 2259 462 2352; x_wconf 87' lang='lat' dir='ltr'>Rpc:</span> <span class='ocrx_word' id='word_1_52' title='bbox 498 2256 597 2334; x_wconf 75' lang='lat' dir='ltr'>lull</span> <span class='ocrx_word' id='word_1_53' title='bbox 619 2256 786 2333; x_wconf 81' lang='lat' dir='ltr'>sullurlei</span> <span class='ocrx_word' id='word_1_54' title='bbox 807 2257 1029 2334; x_wconf 71' lang='lat' dir='ltr'>concentrnti</span> <span class='ocrx_word' id='word_1_55' title='bbox 1085 2263 1281 2353; x_wconf 72' lang='lat' dir='ltr'>qrammctu</span> <span class='ocrx_word' id='word_1_56' title='bbox 1300 2263 1430 2329; x_wconf 78' lang='lat' dir='ltr'>centum</span> <span class='ocrx_word' id='word_1_57' title='bbox 1482 2257 1556 2330; x_wconf 97' lang='grc'>100</span> 
     </span>
     <span class='ocr_line' id='line_1_13' title="bbox 493 2383 1449 2486; baseline -0.007 -24"><span class='ocrx_word' id='word_1_58' title='bbox 493 2384 615 2486; x_wconf 69' lang='lat' dir='ltr'>Aquae</span> <span class='ocrx_word' id='word_1_59' title='bbox 635 2384 842 2462; x_wconf 69' lang='lat' dir='ltr'>destinatae</span> <span class='ocrx_word' id='word_1_60' title='bbox 983 2391 1179 2480; x_wconf 71' lang='lat' dir='ltr'>qrammuln</span> <span class='ocrx_word' id='word_1_61' title='bbox 1194 2383 1449 2481; x_wconf 73' lang='lat' dir='ltr'>quadrinqentu</span> 
     </span>
     <span class='ocr_line' id='line_1_14' title="bbox 542 2511 1555 2609; baseline -0.001 -23"><span class='ocrx_word' id='word_1_62' title='bbox 542 2511 556 2536; x_wconf 89' lang='grc'><strong>“</strong></span> <span class='ocrx_word' id='word_1_63' title='bbox 1037 2513 1254 2609; x_wconf 64' lang='grc' dir='ltr'>εφίιιαρὶηία</span> <span class='ocrx_word' id='word_1_64' title='bbox 1273 2535 1341 2584; x_wconf 79' lang='lat' dir='ltr'>sen.</span> <span class='ocrx_word' id='word_1_65' title='bbox 1476 2513 1555 2585; x_wconf 78' lang='lat'>476</span> 
     </span>
    </p>

    <p class='ocr_par' dir='ltr' id='par_1_7' title="bbox 465 2638 1209 2732">
     <span class='ocr_line' id='line_1_15' title="bbox 465 2638 1209 2732; baseline -0.004 -19"><span class='ocrx_word' id='word_1_66' title='bbox 465 2642 579 2714; x_wconf 87' lang='lat' dir='ltr'>Misce</span> <span class='ocrx_word' id='word_1_67' title='bbox 599 2640 748 2715; x_wconf 89' lang='lat' dir='ltr'>acidum</span> <span class='ocrx_word' id='word_1_68' title='bbox 766 2640 805 2712; x_wconf 93' lang='lat' dir='ltr'>in</span> <span class='ocrx_word' id='word_1_69' title='bbox 826 2662 965 2732; x_wconf 89' lang='lat' dir='ltr'>aquam</span> <span class='ocrx_word' id='word_1_70' title='bbox 983 2638 1209 2714; x_wconf 88' lang='lat' dir='ltr'>instillando.</span> 
     </span>
    </p>

    <p class='ocr_par' dir='ltr' id='par_1_8' title="bbox 465 2766 1022 2862">
     <span class='ocr_line' id='line_1_16' title="bbox 465 2766 1022 2862; baseline -0.005 -21"><span class='ocrx_word' id='word_1_71' title='bbox 465 2769 519 2842; x_wconf 89' lang='lat' dir='ltr'>Sit</span> <span class='ocrx_word' id='word_1_72' title='bbox 538 2767 714 2862; x_wconf 89' lang='lat' dir='ltr'>ponderis</span> <span class='ocrx_word' id='word_1_73' title='bbox 737 2766 900 2860; x_wconf 86' lang='lat' dir='ltr'>specifici</span> <span class='ocrx_word' id='word_1_74' title='bbox 924 2767 1022 2840; x_wconf 71' lang='lat' dir='ltr'>lm.</span> 
     </span>
    </p>

    <p class='ocr_par' dir='ltr' id='par_1_9' title="bbox 357 2893 1555 3115">
     <span class='ocr_line' id='line_1_17' title="bbox 464 2893 1555 2988; baseline -0.001 -21"><span class='ocrx_word' id='word_1_75' title='bbox 464 2896 559 2988; x_wconf 83' lang='lat' dir='ltr'>Apte</span> <span class='ocrx_word' id='word_1_76' title='bbox 577 2893 734 2966; x_wconf 91' lang='lat' dir='ltr'>dilutum</span> <span class='ocrx_word' id='word_1_77' title='bbox 754 2893 913 2965; x_wconf 88' lang='lat' dir='ltr'>eandem</span> <span class='ocrx_word' id='word_1_78' title='bbox 929 2894 1113 2966; x_wconf 90' lang='lat' dir='ltr'>rationem</span> <span class='ocrx_word' id='word_1_79' title='bbox 1127 2893 1174 2965; x_wconf 87' lang='lat' dir='ltr'>ad</span> <span class='ocrx_word' id='word_1_80' title='bbox 1195 2894 1388 2984; x_wconf 82' lang='lat' dir='ltr'>reagentia</span> <span class='ocrx_word' id='word_1_81' title='bbox 1407 2895 1555 2982; x_wconf 86' lang='lat' dir='ltr'>habeat,</span> 
     </span>
     <span class='ocr_line' id='line_1_18' title="bbox 357 3021 1202 3115; baseline -0.004 -20"><span class='ocrx_word' id='word_1_82' title='bbox 357 3045 472 3115; x_wconf 89' lang='lat' dir='ltr'>quam</span> <span class='ocrx_word' id='word_1_83' title='bbox 491 3022 650 3095; x_wconf 85' lang='lat' dir='ltr'>Acidum</span> <span class='ocrx_word' id='word_1_84' title='bbox 670 3021 889 3094; x_wconf 87' lang='lat' dir='ltr'>sulfuricum</span> <span class='ocrx_word' id='word_1_85' title='bbox 909 3027 1202 3094; x_wconf 82' lang='lat' dir='ltr'>concontratum.</span> 
     </span>
    </p>

    <p class='ocr_par' dir='ltr' id='par_1_10' title="bbox 354 3148 1556 3998">
     <span class='ocr_line' id='line_1_19' title="bbox 466 3148 1556 3241; baseline 0 -19"><span class='ocrx_word' id='word_1_86' title='bbox 466 3148 664 3222; x_wconf 77' lang='lat' dir='ltr'>Continent</span> <span class='ocrx_word' id='word_1_87' title='bbox 691 3149 729 3221; x_wconf 93' lang='lat' dir='ltr'>in</span> <span class='ocrx_word' id='word_1_88' title='bbox 768 3154 918 3221; x_wconf 90' lang='lat' dir='ltr'>centum</span> <span class='ocrx_word' id='word_1_89' title='bbox 947 3148 1114 3239; x_wconf 87' lang='lat' dir='ltr'>partibus</span> <span class='ocrx_word' id='word_1_90' title='bbox 1146 3153 1272 3241; x_wconf 84' lang='lat' dir='ltr'>partes</span> <span class='ocrx_word' id='word_1_91' title='bbox 1311 3148 1425 3223; x_wconf 81' lang='grc'>1066</span> <span class='ocrx_word' id='word_1_92' title='bbox 1460 3149 1556 3222; x_wconf 84' lang='lat' dir='ltr'>acidi</span> 
     </span>
     <span class='ocr_line' id='line_1_20' title="bbox 355 3274 1555 3371; baseline 0 -23"><span class='ocrx_word' id='word_1_93' title='bbox 355 3275 530 3364; x_wconf 80' lang='lat' dir='ltr'>sulfirrici,</span> <span class='ocrx_word' id='word_1_94' title='bbox 547 3275 635 3347; x_wconf 89' lang='lat' dir='ltr'>hinc</span> <span class='ocrx_word' id='word_1_95' title='bbox 651 3274 779 3348; x_wconf 91' lang='lat' dir='ltr'>decem</span> <span class='ocrx_word' id='word_1_96' title='bbox 796 3274 878 3366; x_wconf 75' lang='lat' dir='ltr'>eJus</span> <span class='ocrx_word' id='word_1_97' title='bbox 894 3275 1110 3348; x_wconf 86' lang='lat' dir='ltr'>centimetra</span> <span class='ocrx_word' id='word_1_98' title='bbox 1127 3275 1258 3357; x_wconf 82' lang='lat' dir='ltr'>cubica</span> <span class='ocrx_word' id='word_1_99' title='bbox 1275 3275 1342 3371; x_wconf 97' lang='grc'>(10</span> <span class='ocrx_word' id='word_1_100' title='bbox 1354 3275 1439 3367; x_wconf 81' lang='grc'>00),</span> <span class='ocrx_word' id='word_1_101' title='bbox 1456 3297 1555 3368; x_wconf 84' lang='lat' dir='ltr'>aqua</span> 
     </span>
     <span class='ocr_line' id='line_1_21' title="bbox 356 3401 1556 3494; baseline 0.001 -19"><span class='ocrx_word' id='word_1_102' title='bbox 356 3403 402 3476; x_wconf 93' lang='lat' dir='ltr'>ad</span> <span class='ocrx_word' id='word_1_103' title='bbox 425 3401 644 3475; x_wconf 87' lang='lat' dir='ltr'>centimetra</span> <span class='ocrx_word' id='word_1_104' title='bbox 672 3402 805 3476; x_wconf 88' lang='lat' dir='ltr'>cubica</span> <span class='ocrx_word' id='word_1_105' title='bbox 833 3405 982 3474; x_wconf 88' lang='lat' dir='ltr'>centum</span> <span class='ocrx_word' id='word_1_106' title='bbox 1014 3403 1108 3491; x_wconf 93' lang='grc'>(100</span> <span class='ocrx_word' id='word_1_107' title='bbox 1130 3401 1202 3491; x_wconf 93' lang='grc'>00)</span> <span class='ocrx_word' id='word_1_108' title='bbox 1224 3402 1351 3490; x_wconf 89' lang='lat' dir='ltr'>diluta,</span> <span class='ocrx_word' id='word_1_109' title='bbox 1371 3403 1556 3494; x_wconf 88' lang='lat' dir='ltr'>liquorem</span> 
     </span>
     <span class='ocr_line' id='line_1_22' title="bbox 355 3527 1554 3622; baseline 0.001 -21"><span class='ocrx_word' id='word_1_110' title='bbox 355 3529 572 3622; x_wconf 86' lang='lat' dir='ltr'>praebeant,</span> <span class='ocrx_word' id='word_1_111' title='bbox 601 3527 710 3621; x_wconf 81' lang='lat' dir='ltr'>qu&#39;us</span> <span class='ocrx_word' id='word_1_112' title='bbox 731 3529 948 3602; x_wconf 86' lang='lat' dir='ltr'>centimetra</span> <span class='ocrx_word' id='word_1_113' title='bbox 967 3529 1097 3602; x_wconf 86' lang='lat' dir='ltr'>cubica</span> <span class='ocrx_word' id='word_1_114' title='bbox 1116 3528 1245 3601; x_wconf 88' lang='lat' dir='ltr'>decem</span> <span class='ocrx_word' id='word_1_115' title='bbox 1265 3531 1333 3620; x_wconf 89' lang='grc'>(10</span> <span class='ocrx_word' id='word_1_116' title='bbox 1355 3530 1426 3620; x_wconf 93' lang='grc'>00)</span> <span class='ocrx_word' id='word_1_117' title='bbox 1447 3529 1554 3602; x_wconf 91' lang='lat' dir='ltr'>mini-</span> 
     </span>
     <span class='ocr_line' id='line_1_23' title="bbox 356 3656 1555 3748; baseline 0.001 -20"><span class='ocrx_word' id='word_1_118' title='bbox 356 3678 462 3729; x_wconf 90' lang='lat' dir='ltr'>mum</span> <span class='ocrx_word' id='word_1_119' title='bbox 490 3657 706 3729; x_wconf 88' lang='lat' dir='ltr'>centimetra</span> <span class='ocrx_word' id='word_1_120' title='bbox 736 3656 868 3728; x_wconf 89' lang='lat' dir='ltr'>cubica</span> <span class='ocrx_word' id='word_1_121' title='bbox 899 3657 1049 3748; x_wconf 83' lang='lat' dir='ltr'>triginta</span> <span class='ocrx_word' id='word_1_122' title='bbox 1073 3660 1157 3728; x_wconf 88' lang='lat' dir='ltr'>octo</span> <span class='ocrx_word' id='word_1_123' title='bbox 1179 3661 1216 3727; x_wconf 90' lang='lat' dir='ltr'>et</span> <span class='ocrx_word' id='word_1_124' title='bbox 1233 3677 1351 3728; x_wconf 91' lang='lat' dir='ltr'>unam</span> <span class='ocrx_word' id='word_1_125' title='bbox 1371 3658 1555 3730; x_wconf 88' lang='lat' dir='ltr'>decimam</span> 
     </span>
     <span class='ocr_line' id='line_1_24' title="bbox 354 3783 1553 3876; baseline 0.001 -21"><span class='ocrx_word' id='word_1_126' title='bbox 354 3788 498 3876; x_wconf 87' lang='lat' dir='ltr'>partem</span> <span class='ocrx_word' id='word_1_127' title='bbox 533 3783 732 3874; x_wconf 68' lang='grc'>(38100)</span> <span class='ocrx_word' id='word_1_128' title='bbox 767 3783 964 3855; x_wconf 85' lang='lat' dir='ltr'>solutionis</span> <span class='ocrx_word' id='word_1_129' title='bbox 985 3783 1258 3857; x_wconf 83' lang='lat' dir='ltr'>acidimetricac</span> <span class='ocrx_word' id='word_1_130' title='bbox 1288 3783 1553 3857; x_wconf 88' lang='lat' dir='ltr'>decinormalis</span> 
     </span>
     <span class='ocr_line' id='line_1_25' title="bbox 355 3909 1035 3998; baseline -0.003 -15"><span class='ocrx_word' id='word_1_131' title='bbox 355 3914 590 3998; x_wconf 88' lang='lat' dir='ltr'>consumant,</span> <span class='ocrx_word' id='word_1_132' title='bbox 611 3915 652 3982; x_wconf 88' lang='lat' dir='ltr'>ut</span> <span class='ocrx_word' id='word_1_133' title='bbox 671 3915 802 3984; x_wconf 86' lang='lat' dir='ltr'>neutra</span> <span class='ocrx_word' id='word_1_134' title='bbox 822 3909 1035 3982; x_wconf 86' lang='lat' dir='ltr'>reddantur.</span> 
     </span>
    </p>
   </div>
   <div class='ocr_carea' id='block_1_5' title="bbox 681 4230 1222 4484">
    <p class='ocr_par' dir='ltr' id='par_1_11' title="bbox 681 4230 1222 4484">
     <span class='ocr_line' id='line_1_26' title="bbox 681 4230 1222 4340; baseline -0.006 -1"><span class='ocrx_word' id='word_1_135' title='bbox 681 4230 900 4340; x_wconf 84' lang='lat' dir='ltr'>lloidnm</span> <span class='ocrx_word' id='word_1_136' title='bbox 927 4235 1222 4340; x_wconf 79' lang='lat' dir='ltr'>immicum.</span> 
     </span>
     <span class='ocr_line' id='line_1_27' title="bbox 843 4407 1080 4484; baseline -0.004 0"><span class='ocrx_word' id='word_1_137' title='bbox 843 4407 1080 4484; x_wconf 87' lang='lat' dir='ltr'>Tanninum.</span> 
     </span>
    </p>
   </div>
   <div class='ocr_carea' id='block_1_6' title="bbox 353 4563 1568 4785">
    <p class='ocr_par' dir='ltr' id='par_1_12' title="bbox 353 4563 1568 4785">
     <span class='ocr_line' id='line_1_28' title="bbox 462 4563 1554 4653; baseline 0 -17"><span class='ocrx_word' id='word_1_138' title='bbox 462 4563 589 4636; x_wconf 84' lang='lat' dir='ltr'>Pulvis</span> <span class='ocrx_word' id='word_1_139' title='bbox 616 4565 725 4638; x_wconf 85' lang='lat' dir='ltr'>albus</span> <span class='ocrx_word' id='word_1_140' title='bbox 755 4566 813 4638; x_wconf 91' lang='lat' dir='ltr'>vel</span> <span class='ocrx_word' id='word_1_141' title='bbox 843 4563 1050 4653; x_wconf 77' lang='lat' dir='ltr'>schlavos,</span> <span class='ocrx_word' id='word_1_142' title='bbox 1083 4564 1163 4636; x_wconf 84' lang='lat' dir='ltr'>sive</span> <span class='ocrx_word' id='word_1_143' title='bbox 1188 4565 1360 4638; x_wconf 86' lang='lat' dir='ltr'>lamellae</span> <span class='ocrx_word' id='word_1_144' title='bbox 1379 4565 1554 4653; x_wconf 87' lang='lat' dir='ltr'>nitentes,</span> 
     </span>
     <span class='ocr_line' id='line_1_29' title="bbox 353 4681 1568 4785; baseline -0.002 -20"><span class='ocrx_word' id='word_1_145' title='bbox 353 4691 501 4784; x_wconf 85' lang='lat' dir='ltr'>saporis</span> <span class='ocrx_word' id='word_1_146' title='bbox 530 4691 673 4763; x_wconf 86' lang='lat' dir='ltr'>austeri</span> <span class='ocrx_word' id='word_1_147' title='bbox 701 4693 978 4782; x_wconf 84' lang='lat' dir='ltr'>adstringentis,</span> <span class='ocrx_word' id='word_1_148' title='bbox 1007 4692 1046 4764; x_wconf 91' lang='lat' dir='ltr'>in</span> <span class='ocrx_word' id='word_1_149' title='bbox 1075 4713 1175 4782; x_wconf 90' lang='lat' dir='ltr'>aqua</span> <span class='ocrx_word' id='word_1_150' title='bbox 1204 4697 1240 4764; x_wconf 90' lang='lat' dir='ltr'>et</span> <span class='ocrx_word' id='word_1_151' title='bbox 1268 4693 1304 4763; x_wconf 90' lang='lat' dir='ltr'>in</span> <span class='ocrx_word' id='word_1_152' title='bbox 1327 4692 1458 4785; x_wconf 90' lang='lat' dir='ltr'>spiritu</span> <span class='ocrx_word' id='word_1_153' title='bbox 1477 4681 1568 4765; x_wconf 85' lang='lat' dir='ltr'>vini</span> 
     </span>
    </p>
   </div>
   <div class='ocr_carea' id='block_1_7' title="bbox 0 0 1804 5528">
    <p class='ocr_par' dir='ltr' id='par_1_13' title="bbox 0 0 1804 5528">
     <span class='ocr_line' id='line_1_30' title="bbox 0 0 1804 5528; baseline 0 0"><span class='ocrx_word' id='word_1_154' title='bbox 0 0 1804 5528; x_wconf 95' lang='lat' dir='ltr'> </span> 
     </span>
    </p>
   </div>
  </div>
 </body>
</html>
