3600 5534
895 510 1083 581 „4-

500 727 842 838 actuum
880 726 1477 839 monendomum.

783 953 1029 1032 Arsenicum
1053 954 1197 1032 album.

500 1167 729 1260 Requiratur
747 1166 786 1239 in
804 1165 944 1239 massis
963 1171 1071 1240 extus
1089 1167 1291 1259 plurimum
1317 1168 1429 1256 albis,
1451 1169 1589 1262 opacis

392 1295 493 1367 intus
515 1294 652 1384 vitreis,
671 1293 756 1385 plus
775 1292 949 1367 minusve
967 1293 1174 1386 pellucidis,

501 1421 543 1494 In
569 1421 662 1492 tubo
691 1420 807 1493 vitreo
837 1422 1057 1494 calefactum
1085 1421 1196 1513 plane
1225 1423 1359 1511 avolet,
1388 1423 1589 1495 sublimato

393 1550 478 1622 albo
505 1549 648 1621 effecto.
674 1547 810 1620 Prunis
837 1547 1084 1621 candentibus
1109 1549 1288 1640 injectum
1310 1550 1465 1623 odorem
1490 1551 1588 1623 allia-

393 1697 500 1749 ceum
520 1675 673 1767 spargit.

503 1802 545 1875 ln
572 1804 701 1876 decem
721 1803 890 1895 partibus
910 1804 1122 1875 ammoniae
1150 1803 1221 1875 sub
1241 1804 1315 1876 leni
1336 1805 1459 1878 calore
1478 1805 1588 1899 plane

393 1931 577 2016 solvatur;
598 1930 691 2002 haec
708 1929 856 2018 solutio,
873 1929 980 2002 acido
996 1928 1278 2031 hydrochlorico
1294 1937 1590 2024 supersaturata,

395 2058 558 2130 colorem
571 2057 711 2128 ssavum
730 2077 778 2128 ne
798 2055 965 2148 accipiat,
985 2078 1080 2129 neve
1094 2057 1380 2149 praecipitatum
1393 2059 1590 2152 producat,

393 2184 469 2256 imo
516 2204 615 2276 aqua
662 2182 968 2274 hydrosulfurata
1006 2184 1134 2257 addita
1171 2185 1300 2258 statim
1336 2186 1592 2259 sedimentum

394 2311 537 2383 luteum
558 2310 705 2400 efficiat,
741 2310 842 2402 quod
870 2310 1006 2402 frigore
1034 2312 1193 2384 mixtum
1216 2313 1253 2385 in
1281 2313 1473 2386 ammonia
1496 2334 1590 2406 pura

395 2438 455 2510 vel
475 2437 664 2509 ammonio
684 2437 882 2511 car·honico
904 2439 1015 2530 plane
1035 2440 1212 2511 solvatur.

505 2563 639 2636 Salutio
659 2565 858 2638 arsenicalis
878 2564 1035 2637 Fowleri.

706 2923 925 3044 acidum
952 2925 1283 3043 bennoicunr.

506 3149 675 3240 Crystalli
696 3169 714 3219 e
739 3148 886 3220 Benzoe
909 3149 1171 3222 sublimatione
1197 3155 1366 3241 paratae,
1400 3152 1593 3224 subflavae

397 3277 455 3348 vel
477 3277 605 3364 flavae,
626 3275 829 3348 aciculares
852 3276 912 3348 vel
931 3276 1118 3365 foliaceae‚
1138 3277 1267 3349 nitoris
1287 3278 1427 3367 sericei,
1446 3279 1594 3370 saporis

397 3403 541 3490 aciduli‚
561 3403 686 3476 odoris
706 3403 887 3474 benzoini.

505 3529 547 3602 ln
563 3550 662 3620 aqua
676 3528 809 3620 frigida
825 3529 980 3620 difficile,
1000 3531 1038 3602 in
1057 3530 1199 3603 fervida
1217 3552 1287 3603 nec
1305 3553 1384 3604 non
1402 3533 1441 3604 in
1461 3533 1612 3625 spiritur

397 3657 482 3746 vini,
511 3657 550 3729 in
579 3655 728 3730 aethere
749 3657 851 3756 etin
880 3657 1143 3730 chloroiormio
1172 3680 1348 3731 necnon
1375 3658 1414 3732 in
1442 3659 1594 3734 aethere

363 3855 365 3860 .
397 3785 551 3877 petrolei
578 3783 683 3858 facile
710 3783 920 3858 solvuntur.
966 3785 1108 3858 Solutio
1128 3808 1275 3879 aquosa
1296 3787 1417 3861 calida
1439 3787 1590 3879 refrige-

397 3914 516 3986 rando
545 3913 724 4000 turbatur,
753 3911 860 3984 lactis
888 3913 963 3984 fere
984 3913 1150 4003 speciem
1170 3914 1366 4006 praebens
1389 3919 1594 4007 antequam

400 4039 562 4131 crystalli
582 4038 787 4111 aciculares
808 4043 1046 4112 enascuntur.

506 4165 663 4238 Acidum
704 4166 925 4240 benzoicum
959 4189 1045 4240 cum
1081 4168 1284 4260 vaporibus
1323 4190 1444 4260 aquae
1482 4170 1593 4261 plane

399 4289 533 4366 avolat.
561 4292 604 4364 In
621 4292 761 4366 lamina
780 4293 945 4385 platinea
963 4296 1206 4368 fervefactum
1224 4295 1407 4388 liquescit,
1432 4318 1594 4389 vapores

398 4423 526 4493 fauces
544 4426 756 4513 pungentes
777 4422 983 4517 tussimque
1004 4424 1207 4498 excitantes
1229 4424 1414 4515 evolvens,
1443 4426 1593 4498 tandem

398 4549 550 4620 flamma
587 4549 710 4621 lucida
747 4549 849 4621 nullo
889 4552 1042 4624 omnino
1080 4550 1232 4624 residuo
1269 4558 1491 4625 remanente
1530 4554 1593 4626 ab·

399 4675 569 4749 sumitur.
