3600 5534
696 509 941 583 -147-

614 722 1041 866 Hydrargyrnm.

333 945 524 1018 Metallum
544 945 737 1038 liquidum,
759 946 893 1020 coloris
914 947 1091 1038 argentei,
1110 944 1287 1038 ponderis
1305 945 1421 1038 speci-

224 1073 282 1144 fici
307 1073 432 1146 13·56.

331 1199 384 1272 Ne
404 1199 451 1272 sit
469 1205 594 1288 tenant,
614 1222 684 1275 nec
713 1200 873 1274 metallis
901 1200 1030 1274 alienis
1055 1199 1303 1292 inquinatum,
1331 1201 1418 1273 inde

223 1326 473 1399 destillatione
494 1347 538 1402 ex
560 1327 702 1419 integro
722 1332 910 1420 evaporet.

337 1487 554 1586 [loquentum
573 1487 814 1586 Hydrorqyrc'.

256 1927 932 2062 Hydrarwrccm
968 1892 1380 2038 blemm-

402 2096 577 2198 mm
614 2088 1235 2202 arnmoremccm.

473 2313 695 2392 Mercurius
718 2313 1009 2416 praecipitatus
1033 2315 1158 2392 albus,

218 2509 314 2603 Rpe:
355 2505 574 2608 flyclrargyri
595 2505 789 2585 llolrlomti
810 2508 988 2585 corrosiri

758 2643 960 2732 yrorrrrnota
980 2637 1238 2734 quinquaqinta
1361 2639 1412 2711 50

217 2765 318 2836 solve
339 2763 377 2836 in

352 2887 473 2987 Aque
494 2886 702 2966 destillatio
756 2891 928 2987 orationis
948 2891 1047 2962 ›rr-illc.
1311 2893 1412 2965 1000

324 3018 466 3090 solutio
486 3018 625 3089 liltrata
643 3018 896 3090 immisceatur
915 3019 985 3091 sub
1012 3019 1190 3092 continua
1210 3020 1412 3111 agitatione

352 3141 554 3220 Rutulae
609 3144 779 3238 qrarrmcis
796 3145 1016 3239 scjrluoyioto
1036 3145 1196 3240 quinque,
1362 3149 1411 3220 75

321 3271 615 3363 Praecipitatum
635 3276 788 3345 enatum
808 3271 905 3343 filtro
926 3273 1123 3345 collectum

357 3396 477 3497 liqna
498 3395 710 3474 destillatao
730 3395 886 3496 lrigiclno

753 3526 923 3620 qrarnmis
941 3526 1203 3621 quadrinyentis·
1329 3527 1408 3600 400

216 3676 327 3746 quam
361 3653 467 3726 citius
499 3652 619 3726 lotum
652 3659 689 3724 et
722 3672 941 3745 expressum
973 3654 1011 3724 in
1036 3653 1119 3724 loco
1145 3653 1306 3726 obscuro
1335 3655 1405 3725 sub

215 3785 466 3874 temperatura
493 3779 680 3853 ordinaria
707 3780 865 3853 siccetur
893 3787 930 3853 at
957 3779 996 3851 in
1023 3800 1113 3853 vase
1140 3780 1213 3853 luci
1231 3781 1409 3872 impervia

216 3912 392 3980 servetur.

319 4033 446 4106 Pulvis
462 4033 684 4122 albissimus
701 4053 802 4124 aqua
821 4031 1038 4122 insolubilis,
1060 4033 1166 4104 acido
1187 4034 1313 4122 diluto,
1332 4034 1410 4106 sive

215 4161 354 4250 uitrico,
375 4161 451 4234 siva
471 4159 767 4251 hydrochlorico,
789 4157 897 4232 facile
919 4161 1135 4234 solvendus

319 4286 465 4360 intubo
481 4287 697 4380 probatorio
715 4286 927 4375 calefactus,
944 4286 1032 4378 quin
1046 4287 1240 4380 liquescat,
1261 4289 1409 4359 decom-

212 4415 360 4506 ponitur
381 4419 417 4486 et
436 4415 515 4487 sine
535 4414 684 4486 residuo
705 4414 842 4500 avolat;
874 4434 959 4485 cum
979 4414 1405 4505 natrio-hydrooxydato

216 4542 337 4614 soluto
365 4541 505 4616 mixtus
536 4542 700 4614 colorem
728 4542 765 4612 in
792 4543 933 4613 flavum
961 4547 1081 4615 mutet
1109 4546 1145 4613 et
1182 4541 1410 4613 ammoniam

213 4667 369 4740 exhalet.

1138 4806 1190 4861 10*
