3600 5534
824 515 1067 589 -244-

340 733 651 827 ovato-oblongis,
675 734 998 827 plano-convexio,
1023 734 1098 807 duo
1120 733 1167 807 ad
1189 734 1263 808 duo
1288 739 1327 808 et
1345 736 1540 811 dimidium

340 863 556 936 centimetra
571 862 702 954 longis,
723 861 872 952 crassiS,
894 860 1007 953 duris,
1027 861 1167 955 rigidis,
1186 862 1324 954 pallide
1339 862 1539 953 subfuscis,

339 992 378 1064 in
398 992 511 1064 dorso
541 1010 708 1064 convexo
738 989 1054 1082 longitudinaliter
1082 991 1246 1080 sulcatiS,
1274 990 1313 1063 in
1345 995 1450 1083 parte
1478 1013 1540 1064 su·

338 1140 470 1210 prema
490 1118 698 1210 superficiei
717 1118 883 1190 internae
903 1118 1039 1209 planae
1059 1123 1124 1192 aut
1143 1117 1407 1192 subconcavae
1421 1139 1539 1210 parra

340 1245 507 1318 radicula
526 1245 585 1317 vel
614 1243 825 1317 scrobiculo
859 1243 1020 1335 oblongo
1048 1245 1251 1337 instructio,
1279 1246 1380 1320 intus
1407 1245 1540 1319 albidis

340 1373 398 1445 vel
428 1372 670 1462 ochroleuciS,
700 1372 846 1465 saporis
867 1372 1071 1462 subdolos,
1092 1374 1284 1447 subamari
1312 1380 1350 1447 et
1379 1374 1538 1447 adstrin-

342 1500 474 1592 gentiS.

449 1627 662 1718 Inmatura,
672 1629 822 1701 insectis
838 1650 991 1703 corrosa
1010 1629 1069 1702 vel
1084 1633 1269 1703 vetustate
1290 1635 1465 1722 corrupta
1482 1651 1538 1703 re-

337 1754 523 1846 jiciantur.

452 1882 602 1955 Semina
625 1884 663 1956 in
682 1906 773 1957 vase
793 1884 913 1957 ferreo
942 1885 1012 1957 sub
1033 1884 1210 1957 continua
1229 1883 1428 1974 agitatione
1447 1890 1541 1958 tam·

342 2010 406 2084 diu
425 2010 630 2099 torrefacta,
657 2010 775 2083 donec
797 2011 959 2084 colorem
983 2010 1131 2084 fuscum
1154 2009 1343 2083 induerint
1372 2016 1409 2083 et
1436 2011 1541 2085 facile

343 2140 571 2229 frangantur,
608 2140 789 2230 praebent
809 2132 935 2214 Senon
957 2137 1118 2224 (lucrm
1137 2140 1284 2214 terim
1311 2138 1542 2231 Refrigerata

341 2266 379 2338 in
408 2265 600 2360 pulverem
625 2264 923 2358 grossiusculurn
942 2266 1143 2339 contunde.
1231 2314 1241 2329 -

527 2630 827 2740 Samen
864 2626 1371 2741 Sabndmae.

453 2847 639 2923 Sododillo
653 2848 879 2945 officinarum
897 2850 1085 2942 Brandt,
1100 2852 1229 2944 planta.
1245 2851 1417 2944 bulbosa,
1429 2871 1541 2943 spon·

343 2982 455 3049 tanea
481 2978 519 3050 in
539 2977 708 3049 Andibus
734 2977 944 3068 MexicauiS,
964 2978 1002 3050 in
1023 2978 1234 3051 Gnatinrala
1261 2984 1298 3052 et
1316 2978 1541 3053 Venezuela.

343 3102 528 3179 Liliuccoc.
554 3102 798 3178 Colchicuoeoe.

453 3231 605 3304 Semina
624 3231 785 3323 oblonga
804 3239 867 3305 aut
895 3232 1114 3319 lanceolata,
1143 3254 1294 3306 sursum
1323 3233 1542 3321 acuminata,

342 3359 592 3449 irregulariter
625 3361 818 3451 angulosa,
857 3361 998 3433 circiter
1035 3364 1120 3431 ooto
1161 3358 1373 3432 millimetra
1418 3358 1543 3457 longa,

343 3485 589 3574 albunriuosa,
627 3491 724 3559 testa
760 3488 873 3577 tenui,
911 3488 1061 3577 nitente,
1080 3486 1322 3577 fusco-nigra,
1351 3486 1541 3577 rugulosa.

342 3614 503 3705 Embryo
536 3635 675 3706 parvus
709 3615 918 3687 continetur
949 3615 1033 3687 basi
1071 3612 1269 3686 albuminis
1308 3614 1429 3706 solidi,
1463 3634 1541 3685 car·

341 3743 436 3833 nosi,
458 3740 580 3814 albidi.

452 3870 547 3941 Sunt
566 3866 711 3960 saporis
732 3868 848 3939 amari
868 3872 904 3941 et
924 3867 1040 3954 acris;
1066 3873 1173 3942 caute
1194 3868 1391 3941 servanda.

458 3994 687 4092 Unyucntum.

710 4370 901 4479 Somou
939 4369 1170 4511 Sinopis.

453 4556 620 4629 Brassica
639 4558 744 4655 niqra
763 4557 904 4646 Koch,
924 4557 1054 4649 planta
1074 4578 1211 4649 annua,
1232 4558 1332 4650 apud
1352 4578 1425 4631 nos
1443 4557 1539 4631 indi·

341 4708 438 4777 gena
459 4690 495 4758 et
515 4686 625 4759 culta.
651 4684 860 4778 Cruciferoo.
