3600 5534
841 533 1055 605 „ppss

459 750 612 822 Semina
640 771 755 841 saepe
790 750 960 822 nonnihil
987 751 1135 822 minora
1154 755 1345 822 caeterum
1370 749 1473 821 omni
1504 769 1551 820 ex

346 883 454 970 parte
481 877 698 968 Amygdalis
734 877 906 950 dulcibus
940 877 1064 968 quoad
1104 877 1265 950 sormam
1298 875 1443 962 similia,
1478 875 1549 947 sed

348 1004 494 1097 saporis
515 1009 605 1077 sunt
624 1005 810 1096 peramari
831 1008 867 1077 ct
882 1026 968 1077 cum
984 1027 1084 1097 aqua
1097 1005 1185 1077 trita
1199 1005 1355 1077 odorem
1365 1006 1551 1094 spargunt

346 1131 541 1223 proprium
561 1132 790 1205 aethereum.

459 1259 563 1352 Aqua
583 1257 861 1355 Amypdolorum
888 1282 1091 1330 arazararum
1120 1264 1346 1332 concentrola.
1387 1257 1552 1349 Syrupus

346 1383 602 1480 oireppdatlnus.

662 1649 999 1792 amygdalae
1026 1648 1227 1767 dulces,

458 1871 676 1970 rlnrypdalno
692 1875 881 1944 conmnncis
896 1873 1033 1966 Linn,
1050 1875 1136 1946 Var.
1153 1873 1264 1946 dulcis
1279 1874 1365 1953 Dc„
1383 1875 1494 1946 arbor
1511 1873 1550 1945 in

346 2003 498 2092 regione
516 2001 785 2073 mediterranea
796 2007 1017 2092 spontanea,
1034 2003 1133 2093 apud
1148 2023 1220 2074 nos
1236 2002 1347 2074 culta.
1365 2000 1549 2073 Bosoceae.

347 2125 513 2200 Prolem

457 2255 917 2344 Seminaexalbuminosa,
930 2263 1052 2346 ovata,
1063 2257 1308 2342 acutiuscula,
1321 2276 1550 2348 compressa,

346 2383 395 2455 ad
428 2382 503 2455 duo
537 2387 574 2454 et
603 2382 797 2456 dimidium
838 2383 1056 2456 centimetra
1085 2384 1207 2475 longa,
1236 2385 1307 2457 sub
1338 2383 1443 2475 apice
1473 2383 1561 2458 hilo.

344 2510 580 2601 superficiali,
614 2511 698 2582 basi
719 2511 925 2583 rotundato
949 2512 1103 2584 chalaza
1121 2512 1257 2605 ampla,
1273 2508 1476 2584 orbiculari
1494 2511 1548 2581 in-

348 2642 501 2724 structa,
522 2637 776 2728 integumento
796 2638 1096 2725 membranaceo,
1126 2638 1442 2728 longitudinaliter
1466 2658 1550 2708 ner·

346 2785 454 2851 vos0‚
489 2763 803 2853 sulcato-striato,
838 2764 1381 2857 pulvensscnto-scabriusculo,
1421 2765 1549 2837 cinna-

345 2912 505 2977 momeo,
527 2890 730 2981 embryone
753 2891 1036 2982 cotyledonibus
1057 2892 1204 2966 duabus
1232 2894 1392 2983 magnis,
1417 2892 1549 2984 plano-

347 3018 545 3105 convexiS,
585 3018 699 3107 albis,
739 3019 1089 3106 oleoso-carnosis,
1130 3020 1236 3091 facile
1275 3019 1551 3105 secedentibus

348 3144 515 3216 radicula
535 3149 646 3234 recta,
667 3144 782 3217 brevi.

454 3270 550 3342 Sunt
582 3272 732 3362 saporis
766 3271 894 3358 olcosi,
925 3270 1128 3344 subdulcia.
1163 3272 1273 3364 Aqua
1306 3273 1392 3344 trita
1428 3274 1547 3344 emul-

345 3398 491 3470 sionem
511 3397 636 3469 albam
656 3399 852 3470 inodoram
874 3399 1066 3490 praebent.

369 3563 370 3568 =
453 3523 506 3594 Ne
537 3525 612 3594 sint
640 3523 803 3610 rancida,
829 3530 1136 3616 vetustamque
1162 3527 1377 3600 contineant
1403 3528 1550 3600 semina

213 3731 218 3742 ,
344 3649 542 3740 Amygdali
563 3651 690 3722 amari.

459 3773 589 3844 Oleum.
611 3774 774 3846 Ernrrlsio
791 3776 1026 3870 crrrrypdallno.
1049 3776 1209 3872 Syropns
1227 3781 1488 3877 arrrypdalinoa

498 4097 914 4232 Ammonem
953 4098 1385 4263 rottromm.

451 4302 589 4392 Liquor
623 4301 811 4394 limpidus,
841 4303 1047 4389 subllarus
1069 4303 1193 4376 odoris
1212 4308 1423 4399 peculiaria,
1444 4311 1543 4384 fruc-

342 4437 449 4502 tuum
469 4451 545 4502 non
567 4429 770 4517 dissimilia,
797 4431 943 4520 saporis
963 4430 1105 4502 urentis
1126 4434 1327 4521 aromatici,
1355 4439 1540 4526 ponderis

342 4557 503 4647 specilici
525 4556 655 4643 0909,
677 4556 771 4627 inter
793 4556 976 4630 95--98Ο
1001 4556 1193 4644 ebulliens
1220 4560 1258 4631 in
1278 4582 1378 4652 aqua
1399 4565 1473 4651 vix,
1508 4566 1547 4638 in

341 4683 473 4775 spiritu
489 4683 561 4754 vini
584 4687 620 4754 et
640 4682 791 4754 aethere
812 4682 914 4754 omni
937 4683 1176 4773 proportione
1197 4687 1376 4760 solubilis.
1413 4689 1553 4767 Incen-
