3600 5534
851 511 1087 585 -168-

644 726 873 869 mgnum
899 722 1293 864 Haematoxyli.

694 956 865 1061 Lignum
889 955 1245 1059 Campoohianum.

477 1149 749 1247 Haemutoxylon
775 1150 1215 1247 Compendionumbinn,
1228 1151 1338 1224 arbor
1346 1151 1387 1223 in
1396 1148 1568 1223 America

369 1279 522 1351 centrali
541 1278 728 1371 indigena.
759 1278 1020 1377 Lepuminosae.
1042 1277 1336 1374 Coesolpinoceoe.

479 1426 667 1498 Duramen
681 1426 813 1514 trunci,
833 1433 1013 1518 prostans
1032 1427 1072 1499 in
1094 1426 1286 1500 codicibus
1306 1424 1465 1515 magnis
1487 1444 1565 1495 cor-

368 1552 438 1623 tice
459 1558 496 1623 et
515 1554 672 1626 alburno
711 1553 835 1626 albido
865 1554 1061 1647 destitutis,
1092 1554 1325 1627 extrinsecus
1347 1574 1366 1624 e
1393 1550 1566 1624 caeruleo

370 1679 470 1770 atris,
491 1681 743 1754 intusefusco
761 1680 892 1770 rubris
913 1682 1178 1773 ponderosum,
1200 1680 1346 1769 durum,
1367 1680 1406 1752 in
1425 1678 1564 1751 fissura

369 1828 501 1897 grosse
530 1809 720 1899 fibrosum
752 1808 790 1880 in
820 1807 985 1881 sectione
1014 1814 1232 1883 transversa
1264 1807 1368 1879 zonis
1402 1805 1563 1878 subcon-

368 1934 538 2007 ccntricis
550 1934 753 2023 undulatiS,
767 1956 835 2027 per
849 1936 951 2009 vices
968 1937 1091 2010 colore
1107 1935 1332 2010 saturatione
1345 1939 1382 2020 et
1392 1932 1564 2005 dilutiore

368 2067 404 2133 et
422 2063 536 2135 radiis
557 2061 826 2135 medullaribus
850 2062 947 2135 inter
967 2084 1007 2136 se
1026 2064 1206 2156 proximis
1226 2060 1479 2135 subtilissimis
1504 2081 1562 2132 or-

366 2195 506 2279 natum,
536 2191 684 2282 saporis
713 2189 917 2279 subdulcis,
939 2190 1287 2283 subadstringentis,
1316 2192 1412 2263 inter
1431 2188 1559 2261 masti-

369 2316 532 2390 candum
551 2318 710 2391 saiivam
731 2310 853 2391 colore
872 2318 1042 2391 violaceo
1062 2318 1222 2409 tingens.

474 2443 517 2516 In
551 2446 709 2518 officinis
752 2466 857 2517 merx
898 2450 1046 2539 prostat
1079 2445 1202 2517 scissa
1246 2445 1284 2517 in
1323 2449 1494 2517 ramenta
1531 2446 1568 2513 et

366 2573 511 2662 scobes,
528 2573 761 2647 extrinsecus
775 2573 965 2646 interdum
979 2573 1100 2645 nitore
1122 2593 1166 2645 ex
1187 2569 1566 2645 aureo-viridescente

366 2699 550 2793 praedita.
637 2789 642 2796 Ι

767 3060 995 3203 lignum
1022 3060 1288 3203 iuniperi.

471 3284 666 3381 Juncpcrus
689 3287 885 3377 comnmnis,
910 3285 1010 3358 vide:
1039 3284 1190 3357 noeros
1221 3285 1396 3381 Juntperi.

473 3413 673 3504 Lignume
710 3420 852 3504 truncti,
891 3413 1007 3485 ramis
1042 3418 1079 3486 et
1111 3414 1236 3486 radice
1257 3414 1499 3506 desumptum
1527 3414 1566 3485 in

368 3539 495 3612 frustis
509 3540 730 3633 plerumque
749 3540 1066 3632 longitudinaliter
1085 3540 1195 3631 fissis,
1216 3541 1352 3614 cortice
1370 3540 1484 3629 tenui,
1502 3561 1563 3612 ex·

364 3667 549 3741 trinsecus
570 3669 704 3761 griseo,
724 3669 825 3742 intus
844 3667 1068 3760 ferrugineo,
1089 3668 1227 3741 fibroso
1256 3667 1441 3759 indutum,
1473 3667 1566 3741 satis

365 3801 613 3889 compactum,
648 3796 756 3871 facilc
776 3794 910 3886 fissile,
945 3794 1080 3869 coloris
1110 3794 1232 3887 albidi,
1267 3794 1481 3869 ochroleuci
1507 3795 1567 3869 vel

364 3922 504 4015 rubelli,
533 3923 573 3997 in
592 3925 757 3999 sectione
782 3929 999 4020 transversa
1027 3922 1135 3995 zonis
1156 3922 1338 4017 cujusque
1358 3922 1447 3997 anni
1476 3943 1563 3996 con·

364 4050 557 4141 contricis,
592 4052 778 4146 aperturis
812 4070 992 4124 vasorum
1032 4051 1282 4143 ductibusque
1315 4049 1565 4125 balsamiferis

365 4179 588 4271 carentibus,
642 4200 845 4252 accensum
916 4178 1070 4251 odorem
1119 4184 1266 4271 gratum
1317 4177 1566 4251 balsamicum

367 4326 562 4398 spargens.

471 4432 633 4525 Lignum
665 4432 802 4505 radicis
837 4433 940 4525 ligno
968 4452 1161 4505 ramorum
1189 4438 1224 4505 et
1253 4432 1425 4526 inprimis
1444 4432 1567 4506 trunci

362 4562 615 4653 praestantius
634 4560 805 4633 babetur.

470 4686 604 4783 Species
629 4687 834 4784 Illyriorum.
