3600 5534
688 526 928 599 -189—

210 742 247 810 et
273 741 397 813 natrio
420 742 674 835 phosphorico
705 746 879 834 mutetur,
907 746 1060 835 argento
1085 742 1218 817 uitrico
1244 746 1406 815 tantum·

209 868 322 940 modo
341 869 531 944 lactescat.

317 995 487 1071 Natrium
519 1000 740 1073 sulfuricum
773 1021 904 1091 grosse
928 1000 1175 1093 pulveratum,
1210 997 1285 1070 aeri
1305 998 1405 1069 sicco

209 1119 291 1193 loco
314 1123 437 1214 tepido
458 1126 681 1218 expositum,
702 1127 801 1201 ultra
819 1127 1015 1200 dimidium
1031 1125 1209 1219 ponderis
1230 1124 1350 1217 perdit
1370 1130 1407 1196 et

209 1245 245 1318 in
279 1250 473 1340 pulverem
499 1253 735 1343 convertitur,
770 1255 831 1347 qui
866 1277 934 1346 per
977 1254 1143 1327 cribrum
1176 1252 1405 1343 transjectus

208 1376 277 1447 sub
292 1378 443 1452 nomine

415 1502 572 1584 Nabim
592 1505 807 1585 saliatica·
823 1508 957 1585 sicca·
978 1505 1203 1606 (dilapsu)

207 1638 362 1724 praesto
381 1636 439 1709 sit.
746 1636 752 1645 '

366 1894 370 1903 ¹
487 1920 670 2031 (ileum
696 1919 1133 2065 Amygdaiorum.

209 2142 309 2235 Rpe:
340 2142 615 2244 inygdaiam
635 2143 794 2224 riticio!
814 2170 846 2242 q.
868 2170 899 2219 v.

315 2271 358 2345 lu
391 2276 583 2366 pulverem
609 2275 782 2349 redactas
809 2279 846 2348 et
871 2276 1024 2348 sacculo
1050 2274 1216 2346 inclusas
1243 2272 1405 2365 primum

209 2398 345 2488 leviter,
373 2400 506 2476 deiude
532 2403 732 2476 fortissime
757 2405 796 2477 in
828 2403 933 2497 prelo
960 2401 1136 2495 exprime.
1173 2399 1305 2471 Oleum
1339 2418 1407 2489 per

208 2526 377 2599 chartam
396 2529 564 2603 bibulam
583 2530 761 2603 filtratam
780 2551 900 2603 serva.
1006 2568 1012 2579 =

316 2654 371 2727 Sit
424 2632 636 2751 limpidum,
685 2659 819 2731 coloris
866 2657 1003 2751 pallide
1048 2656 1151 2744 ssavi,
1195 2653 1404 2741 inodorum,

207 2782 354 2873 saporis
387 2785 496 2874 mitis,
530 2806 607 2859 uon
636 2786 786 2875 rancidi,
820 2806 896 2858 non
930 2785 1135 2873 exsiccans
1170 2782 1304 2874 frigore
1329 2801 1406 2853 uon

207 2909 457 3001 spissescenS,
491 2913 665 3005 ponderis
700 2935 801 3006 spec.
840 2911 1166 2987 oum-outo.
1208 2909 1329 2983 Facile
1366 2909 1405 2980 in

208 3036 356 3109 aethere
376 3044 414 3111 et
432 3039 470 3110 in
490 3040 754 3143 chloroformio
775 3041 940 3114 solvitur.
1294 3144 1297 3149 Ι

305 3162 437 3237 Partes
449 3165 664 3258 quindecim
679 3168 750 3240 olei
761 3189 848 3240 cum
857 3168 1065 3240 mixtionee
1076 3164 1245 3258 partibus
1257 3164 1405 3267 duabus

206 3312 327 3381 aquae
347 3297 384 3363 et
402 3294 568 3384 partibus
594 3294 713 3369 tribus
742 3295 836 3367 acidi
861 3294 980 3367 uitrici
999 3293 1179 3366 fumantis
1205 3292 1404 3364 vehemen-

208 3423 262 3489 ter
281 3426 569 3511 conquassatae,
595 3423 813 3495 mixtionem
837 3422 1011 3509 albidam,
1036 3443 1114 3494 non
1139 3441 1228 3493 vero
1258 3422 1403 3491 tuscam

209 3551 271 3617 aut
303 3546 459 3620 rubram
490 3549 706 3640 praebeant,
741 3572 838 3643 quae
871 3549 1063 3622 nonnullis
1097 3548 1200 3620 horis
1241 3546 1403 3639 peractis

208 3692 377 3745 massam
397 3673 558 3747 solidam
578 3676 704 3749 albam
725 3677 885 3770 deponit.

321 3802 377 3871 Cer
387 3806 484 3872 atum
507 3803 648 3875 t'etacci.
665 3803 824 3877 Emulsio
840 3804 962 3877 oleoso.
987 3800 1207 3899 Unyucntum
1222 3800 1401 3873 circuitione.

217 3924 432 4024 unquentum
452 3928 556 4003 Zinci
573 3930 729 4026 ocydab'.

617 4217 799 4326 (ileum
834 4219 996 4328 Anici.

317 4436 345 4509 E
369 4438 551 4512 fiuctibus
581 4440 686 4513 Anisi
716 4444 879 4534 vulgaris
910 4448 1084 4537 paratum
1123 4444 1170 4516 sit
1198 4442 1402 4534 limpidum,

209 4564 405 4637 reactionis
427 4570 606 4658 neutrius
628 4569 779 4642 decolor
798 4570 856 4643 vel
874 4593 1010 4663 parum
1029 4572 1246 4657 flavescens,
1276 4569 1403 4641 odoris

208 4690 366 4766 Fructus
395 4694 499 4768 Anisi
533 4696 742 4789 peculiaris
785 4698 932 4789 saporis
973 4696 1177 4785 aromatici,
1211 4692 1403 4770 subducis
