3600 5534
867 534 1107 609 -156--

501 746 640 837 Liquor
658 748 803 821 calefiat
820 749 868 819 ad
894 750 989 822 acidi
1018 749 1201 823 carbonici
1226 748 1427 839 perfectam
1458 749 1586 839 expul-

394 872 549 959 sionem,
571 873 657 945 dein
676 878 820 945 tantum
839 874 918 945 sive
937 874 1022 947 kalii
1042 874 1226 946 carbonici
1246 874 1324 945 sive
1345 873 1439 945 acidi
1459 874 1587 945 acetici

396 998 564 1086 addatur,
595 1005 774 1091 quantum
795 1002 842 1073 ad
870 1002 1071 1092 perfectam
1100 1000 1443 1073 neutralisationem
1469 1000 1588 1091 requi-

397 1127 498 1199 ritur.

507 1254 590 1342 Quo
608 1256 717 1348 fact0,
735 1255 857 1347 liquor
874 1256 1032 1328 filtratus
1052 1255 1089 1327 in
1113 1256 1247 1327 balneo
1272 1276 1391 1345 aquae
1412 1276 1586 1347 evapore-

396 1387 456 1454 tur
474 1382 523 1454 ad
541 1383 690 1474 pondus
711 1404 812 1475 spec.
838 1383 939 1455 rte.

504 1509 643 1601 Liquor
661 1510 848 1601 limpidus,
883 1509 1043 1599 decolor,
1078 1512 1153 1583 fere
1173 1516 1313 1599 neuter,
1344 1509 1470 1582 addito
1490 1510 1587 1582 ferro

396 1637 691 1729 sesquicldorato
725 1639 849 1710 soluto
883 1638 1047 1710 colorem
1071 1638 1216 1711 intense
1246 1640 1399 1711 rubrum
1422 1636 1534 1710 trabit
1554 1643 1589 1708 et

396 1766 502 1837 acido
540 1767 712 1837 tartarico
755 1767 968 1838 abundante
1014 1767 1296 1859 praecipitatum
1335 1765 1589 1857 crystallinum

395 1893 561 1964 demittit.

504 2020 645 2091 Solutio
679 2042 778 2111 aqua
811 2021 927 2092 diluta
960 2043 1028 2093 nec
1058 2044 1156 2113 aqrm
1184 2020 1498 2111 hydrosulfurata,
1519 2040 1586 2090 uec

395 2147 583 2219 ammonio
617 2147 809 2237 sulfurato,
844 2170 913 2219 nec
947 2149 1051 2219 acido
1085 2149 1214 2220 uitrico
1235 2148 1430 2231 acidulata,
1473 2147 1588 2237 baryo
1718 2190 1723 2201 -

394 2273 523 2345 uitrico
547 2278 720 2362 mutetur,
741 2279 896 2365 argento
915 2276 1045 2346 uitrico
1066 2274 1113 2345 ad
1134 2296 1325 2347 summum
1344 2275 1532 2347 lactescat.

714 2620 923 2777 llalium
951 2670 1270 2779 bromatum.

505 2892 674 2985 Crystalli
694 2892 809 2979 albae,
826 2896 985 2978 cubicae,
1002 2894 1190 2983 inodorae,
1213 2895 1356 2987 saporis
1372 2895 1480 2966 salini
1494 2915 1588 2987 pun-

397 3020 528 3111 gentis,
555 3021 593 3092 in
611 3028 695 3092 atre
715 3022 968 3112 persistentem
995 3023 1100 3094 tactile
1134 3025 1170 3094 in
1205 3045 1312 3115 aqua,
1339 3020 1523 3094 difficilius
1552 3022 1589 3091 in

397 3148 526 3239 spiritu
547 3147 621 3219 vini
641 3148 830 3227 solubiles,
852 3149 994 3221 Solutio
1020 3171 1174 3241 aquosa,
1196 3149 1390 3222 reactionis
1411 3149 1588 3237 acumine,

396 3294 462 3365 per
480 3273 645 3345 additam
664 3295 801 3365 aquam
834 3275 950 3347 chlori
976 3277 1138 3347 colorem
1162 3277 1282 3349 induit
1313 3277 1588 3365 fusco-flavum,

396 3400 460 3493 qui
479 3400 769 3493 conquassando
791 3424 876 3475 curu
898 3404 1010 3494 guttis
1031 3404 1172 3495 aliquot
1192 3403 1440 3477 chloroformii
1459 3402 1498 3476 in
1517 3403 1589 3475 boc

396 3530 538 3620 migret,
558 3530 684 3601 relicta
708 3531 892 3602 solutione
918 3554 1063 3623 aquosa
1083 3531 1264 3605 decolore.
1286 3532 1413 3605 Ansae
1439 3531 1490 3604 fili
1509 3532 1585 3624 pla-

397 3656 483 3727 tinei
502 3656 634 3727 affixae
653 3656 842 3728 flammam
861 3658 984 3730 colore
1005 3660 1169 3732 violaceo
1189 3660 1369 3731 inliciunt.

505 3782 653 3854 Kalium
672 3783 893 3873 bromatum‚
916 3787 1113 3859 contritum
1138 3788 1176 3859 in
1203 3788 1331 3860 tabula
1355 3788 1589 3881 porcellanea

397 3911 483 3982 alba
516 3915 552 3982 et
584 3915 664 3982 tum
703 3910 798 3983 acidi
837 3913 1001 3985 sulfurici
1034 3915 1138 3987 diluti
1176 3920 1280 4007 gutta
1316 3936 1392 3987 una
1429 3915 1589 3988 alterave

397 4039 662 4127 humectatum,
683 4039 846 4111 colorem
864 4041 1003 4113 flavum
1022 4063 1071 4115 ne
1091 4042 1231 4115 induat.

507 4166 648 4238 Solutio
681 4188 826 4259 aquosa
858 4190 906 4241 ne
940 4170 987 4242 sit
1019 4171 1216 4243 reactionis
1250 4170 1438 4258 alcalinae,
1468 4190 1589 4261 neque

399 4316 498 4386 aqua
517 4293 829 4384 hydrosulfurata,
850 4317 971 4388 neque
997 4298 1185 4369 ammonio
1206 4296 1386 4368 sulfurato
1415 4302 1588 4383 mutetur,

397 4424 512 4513 baryo
533 4421 663 4493 nitrico
683 4422 807 4494 addito
822 4424 929 4495 acido
950 4426 1078 4496 uitrico
1094 4427 1151 4497 vix
1172 4425 1349 4498 turbetur.
1367 4424 1460 4496 Cum
1477 4426 1589 4516 guttis

398 4551 539 4641 aliquot
563 4548 646 4620 ferri
672 4551 958 4641 sesquicblorati
988 4554 1099 4625 soluti
1124 4558 1159 4625 et
1186 4552 1447 4625 chloroformio
1477 4574 1588 4644 quas-

397 4683 482 4751 sata
501 4676 573 4748 hoc
593 4677 716 4748 colore
737 4682 899 4754 violaceo
920 4703 967 4754 ne
987 4682 1136 4755 inliciat.
