3600 5534
243 776 425 861 Aether.

243 924 412 1009 Aether
430 926 639 1029 petrola.

353 1074 444 1166 Ejus
473 1078 622 1169 pondus
656 1078 872 1171 specificum
908 1081 1008 1153 ultra
1037 1081 1157 1153 0·675
1191 1101 1240 1151 ne
1274 1080 1440 1151 excedat.

246 1201 384 1275 Charta
398 1202 526 1278 bibula
540 1226 585 1278 eu
601 1206 753 1295 imbuta,
768 1211 923 1299 peracta
940 1208 1186 1295 exhaiationa
1201 1227 1272 1279 nec
1286 1206 1442 1279 odorem

243 1350 312 1404 nec
332 1332 519 1405 maculam
538 1332 723 1406 exhibeat.

244 1490 496 1574 Ammonia.

244 1636 532 1719 Ammonium
548 1638 838 1722 carbonlcum
855 1646 894 1734 (3
913 1665 1034 1735 aquae
1051 1649 1087 1716 et
1107 1644 1122 1714 1
1142 1644 1387 1732 ammoniae).

246 1782 536 1865 Ammcnlum
556 1784 813 1868 chloratum
834 1790 961 1879 (1:9).

247 1926 533 2011 Ammonium
553 1928 784 2013 exaltcum
804 1936 929 2026 (129).

247 2074 536 2157 ammanium
556 2072 845 2159 sulfuratum.

354 2226 495 2316 Liquor
515 2246 559 2298 ex
580 2226 772 2298 ammonia
786 2226 1018 2299 saturatione
1035 2248 1121 2299 cum
1139 2249 1229 2319 gase
1244 2227 1442 2319 hydrosul·

247 2354 371 2426 furato
391 2353 469 2425 loto
488 2358 657 2445 paratuS,
687 2355 881 2445 magnesio
901 2356 1080 2427 sulfurice
1100 2357 1222 2428 soluto
1244 2354 1371 2426 addito
1397 2373 1445 2424 ne

247 2482 428 2557 turbetur.

252 2631 486 2720 Anilinum
506 2636 793 2722 sulfuricum.

248 2777 375 2881 A'qua
394 2782 549 2867 calcia.

249 2924 375 3025 Aqua
394 2927 556 3010 cblcrl.

250 3070 377 3171 Aqua
395 3072 783 3175 hydresulbrrata.

359 3221 468 3315 Aqua
498 3226 697 3315 destillata‚
727 3227 925 3318 coquendo
955 3227 1002 3297 ab
1023 3247 1108 3299 aere
1127 3226 1286 3299 liberata
1307 3231 1344 3300 et
1362 3226 1449 3299 dein

251 3347 478 3440 refrigerata,
496 3358 685 3426 saturetur
697 3374 780 3425 cum
794 3376 884 3444 gase
900 3353 1206 3445 hydrosulsurato
1220 3354 1308 3441 lete,
1329 3352 1449 3425 donec

251 3494 340 3563 pars
366 3486 539 3572 exempta
564 3482 661 3553 ferro
689 3480 988 3573 sesquichlorato
1014 3482 1151 3554 soluto·
1170 3480 1298 3552 addita
1324 3480 1450 3553 statim

255 3610 290 3677 et
307 3604 450 3679 fortiter
468 3608 649 3680 lactescit.

253 3765 500 3867 Argentum
520 3765 737 3849 uitricum
757 3772 792 3863 (1
812 3774 884 3860 :9).

253 3911 452 4013 Baryum
471 3910 775 3995 barbaricum.

254 4057 453 4157 Baryum
474 4056 744 4139 chloratum.

254 4204 449 4305 Baryum
472 4201 688 4285 uitricum
709 4206 834 4295 (1:1³).

254 4348 515 4431 Beuzinum.

362 4480 454 4572 Ejus
475 4478 626 4572 pondus
652 4478 868 4571 specificam
890 4498 937 4548 ue
958 4476 1006 4549 sit
1025 4478 1121 4550 infra
1137 4478 1254 4550 abab
1270 4498 1340 4549 nec
1355 4477 1452 4548 ultra

185 4678 189 4685 .
256 4610 385 4681 0700.
416 4606 579 4679 Ebulliat
611 4626 743 4677 versus
777 4609 1073 4695 temperaturam
1104 4605 1303 4676 ctu-800.
1333 4604 1453 4695 Super

256 4735 426 4809 chartam
445 4734 611 4807 bibulam
631 4732 785 4803 defusae
803 4730 928 4803 avolet
942 4732 1176 4803 remanentia
1190 4732 1296 4804 nulla
1309 4731 1452 4806 relicta.
