3600 5534
552 924 879 1034 saccharum
900 928 1094 1035 baetis.

334 1204 561 1277 Saccharnn
596 1204 730 1293 Laetis,
773 1228 793 1277 e
823 1228 907 1277 seru
936 1206 1043 1278 lactis
1072 1204 1212 1276 vaccini
1240 1210 1421 1296 paratum,

226 1338 368 1425 prostat
395 1334 433 1405 in
458 1332 594 1404 tabulis
624 1337 689 1404 aut
717 1333 851 1405 crustis
881 1332 1114 1421 crystallinis,
1140 1331 1359 1423 plerumque
1384 1331 1420 1401 iu

225 1460 367 1531 baculis
383 1458 602 1549 cylindriciS,
615 1460 718 1551 apice
734 1460 882 1547 corticis,
894 1458 942 1531 ad
958 1481 1023 1531 sex
1041 1457 1257 1531 ccutirnetra
1272 1458 1421 1549 crassis

223 1586 334 1675 duris
356 1607 375 1657 e
397 1586 582 1677 crystallis
603 1586 819 1678 compositis
839 1586 993 1677 grossis,
1013 1586 1247 1679 prisrnaticiS,
1277 1586 1419 1677 albidis,

224 1713 502 1806 subpellucidis,
541 1712 717 1801 tunderis,
753 1714 900 1805 saporis
936 1713 1134 1803 subdulcis
1163 1714 1258 1784 iuter
1287 1715 1419 1786 dentes

225 1840 479 1929 stridentibus
517 1840 688 1912 radiatim
727 1842 936 1933 aggregatis
974 1844 1012 1912 et
1040 1839 1191 1929 coalitis
1229 1840 1420 1931 pulverem

223 1966 490 2059 praebentibus
511 1966 645 2055 album,
685 1968 748 2059 qui
777 1968 933 2039 solvitur
961 1966 1059 2039 lente
1088 1968 1125 2037 in
1154 1988 1253 2059 aqua
1280 1967 1419 2057 frigida,

225 2094 393 2165 facillime
414 2094 452 2165 in
472 2114 571 2185 algua
590 2094 743 2166 fervida.

330 2220 558 2293 Sacclrarum
573 2221 694 2293 Laetis
715 2220 840 2293 odoris
859 2220 1001 2293 rancidi
1021 2226 1058 2293 et
1076 2220 1211 2293 coloris
1231 2222 1316 2293 ssavi
1334 2221 1417 2313 reji-

222 2348 348 2419 cialur.

539 2800 1100 2914 santonicam.

332 3058 505 3151 Crystalli
524 3058 814 3132 tabulael'ornres
836 3061 895 3131 vel
914 3061 1084 3132 larncllae
1096 3084 1335 3153 squarnosac,
1353 3063 1415 3133 de·

221 3186 377 3277 colureS,
390 3185 536 3277 saporis
550 3186 677 3273 arnari,
689 3186 779 3259 lucis
793 3188 934 3258 influxu
944 3188 1201 3275 flavescentes,
1219 3190 1417 3261 calefactae

218 3310 430 3402 liquescunt
463 3314 549 3403 (sub
569 3317 819 3404 temperatura
845 3316 961 3400 170⁰)
984 3320 1020 3385 ct
1039 3320 1119 3387 turn
1148 3316 1281 3407 partim
1302 3316 1413 3389 subli-

218 3443 329 3526 mant,
347 3440 482 3530 partim
503 3440 835 3533 decompnnuntur.

327 3564 574 3640 Santoninunr
593 3569 630 3639 in
651 3590 750 3661 aqua
770 3570 900 3660 frigida
928 3570 1078 3640 nonnisi
1102 3591 1245 3659 parurn,
1276 3571 1418 3642 lervida

219 3691 363 3765 diflicile
384 3694 549 3766 solvitur.
571 3695 727 3785 Spiritus
739 3697 813 3767 vini
832 3674 951 3783 frigidi
971 3701 1098 3787 partes
1111 3696 1369 3770 sabellianis
1383 3699 1414 3787 3,

219 3818 378 3891 aetheris
389 3826 516 3912 partes
531 3822 589 3909 ll,
604 3822 853 3893 chlorofcrnrii
874 3826 1002 3913 partes
1018 3823 1054 3908 4,
1071 3825 1260 3896 santonici
1270 3829 1414 3916 partem

219 3964 331 4018 unam
351 3946 514 4021 solvunt.

325 4074 467 4147 Salutio
488 4076 698 4167 spiritunsa,
721 4076 846 4148 auditu
862 4076 959 4147 kalio
974 4077 1258 4169 hydrooxydato
1279 4082 1413 4169 solutu,

219 4200 339 4273 colore
360 4204 532 4275 coccineo
571 4205 711 4276 sensini
741 4210 958 4276 transeunte
999 4206 1159 4295 tingitur.
1191 4206 1285 4279 Cum
1320 4208 1414 4279 alca-

219 4326 313 4400 libus
333 4333 370 4401 et
389 4330 547 4402 calcaria
564 4331 810 4402 Santunirnun
832 4330 1112 4421 conjunctiones
1133 4333 1171 4403 in
1190 4356 1289 4425 aqua
1309 4335 1413 4409 lacile

218 4455 394 4529 solubiles
412 4456 489 4527 init.

323 4582 569 4657 Sautnnlnuni
600 4584 635 4656 in
666 4590 814 4657 centurn
844 4586 1014 4674 partibus
1044 4608 1164 4677 arruae
1184 4592 1221 4658 et
1249 4588 1412 4678 quinque
1448 4656 1451 4663 ,

216 4710 381 4802 partibus
402 4710 495 4783 acidi
515 4712 679 4785 sull'urici
709 4710 813 4785 diluti
842 4717 988 4784 cocturn
1019 4719 1054 4785 et
1079 4712 1336 4804 refrigeratum
1356 4736 1413 4787 sa-
