3600 5534
725 557 940 628 „029-

238 773 471 902 ,donn
508 777 1174 910 Amnndalnmrm
1203 804 1432 888 ama·

371 963 676 1046 caccum
716 946 1294 1051 conveneram.

232 1155 334 1248 Rpe:
368 1153 644 1255 dnygdalnrun
665 1179 866 1235 amararum
906 1166 1102 1254 qrammatn
1123 1161 1321 1255 octinyentn.
1352 1165 1430 1235 800

342 1282 538 1356 Contunde
553 1288 589 1357 et
604 1284 735 1358 iterata
751 1287 991 1378 expressione
1007 1287 1057 1359 ab
1069 1289 1152 1360 oleo
1163 1287 1290 1380 pingui
1307 1290 1430 1362 libera.

231 1407 448 1482 Placentam
473 1411 662 1486 residuam
686 1414 724 1485 in
749 1413 944 1506 pulverem
962 1414 1157 1488 redactam
1175 1414 1213 1487 in
1233 1415 1431 1489 duodecim

233 1541 358 1628 partes
378 1536 511 1610 divae.
1157 1514 1159 1517 ’

341 1663 490 1737 Partem
529 1686 643 1738 unam
683 1688 844 1760 sepone,
883 1670 1048 1762 reliquas
1095 1671 1268 1744 undecim
1305 1679 1432 1766 partes

231 1792 374 1864 sensim
400 1791 526 1883 ingere
556 1793 593 1865 in
618 1795 782 1866 vesicam
813 1794 1110 1887 destillatoriam‚
1144 1820 1240 1890 quae
1268 1799 1432 1875 continui

342 1915 1430 2020 liquedestillantbullientisqrammatumsecarillicdtldd

340 2064 505 2138 Miscella
532 2066 685 2140 ebulliat
713 2089 780 2161 per
810 2068 953 2160 aliquot
980 2070 1161 2160 minutas
1192 2071 1277 2144 dein
1308 2073 1430 2164 ignem

231 2193 415 2282 extingue.

339 2319 431 2392 Post
448 2322 765 2413 relrigerationem
789 2324 956 2397 admisce
982 2325 1106 2398 adhuc
1131 2325 1322 2398 residuam
1346 2349 1431 2419 par-

231 2451 308 2518 tem
328 2447 532 2539 placentae.

339 2574 419 2646 Stet
437 2597 504 2669 per
523 2577 808 2670 nyctbernerum
829 2578 915 2651 dein
937 2579 1094 2667 destilla‚
1115 2579 1233 2652 donec

880 2711 1078 2802 qrammotn
1096 2705 1189 2777 mille
1329 2707 1431 2779 1000

232 2811 288 2882 vel
311 2833 344 2902 q.
366 2835 398 2888 s·

233 2939 454 3026 transierint,
492 2946 533 3013 ut
567 2940 711 3012 oritanae
743 2948 865 3035 parus
897 2962 1020 3033 aquae
1055 2941 1270 3016 contineant
1290 2949 1431 3036 partem

232 3089 338 3136 vinnm
359 3065 454 3138 acidi
473 3067 750 3158 hydrocyanici.

339 3192 395 3265 Ad
419 3193 665 3284 quantitatem
687 3195 772 3266 dieti
794 3194 889 3266 acidi
910 3194 1235 3267 determinandam
1257 3195 1431 3267 inserviat

232 3319 368 3392 solutio
398 3321 501 3412 cupri
529 3320 692 3392 sulsurici
722 3321 975 3410 volumetrica,
1002 3322 1112 3412 qu'us
1139 3321 1298 3413 quodvis
1318 3324 1429 3394 centi-

232 3452 392 3520 metrum
409 3447 581 3526 cubicum
601 3448 740 3520 indicat
759 3447 1022 3540 milligramma
1042 3471 1159 3522 unum
1179 3449 1271 3521 acidi
1292 3450 1428 3541 hydro-

234 3575 385 3666 cyanici.
1020 3637 1033 3644 .,
1302 3588 1304 3592 ’

341 3701 435 3773 Hinc
452 3702 627 3790 miscella,
640 3703 808 3774 confecta
824 3723 869 3773 ex
879 3702 1313 3794 AquaeAmygdalarum
1327 3727 1428 3777 ama-

230 3851 353 3902 rarum
387 3833 648 3902 concentratae
678 3828 905 3901 centimetris
935 3829 1074 3901 cubicis
1107 3830 1234 3921 viginti
1263 3831 1428 3924 quinque

232 3959 298 4047 (05
316 3957 388 4048 CC)
406 3962 442 4028 ct
462 3957 673 4029 ammoniae
690 3957 936 4030 centrimetris
955 3957 1095 4030 cubicis
1111 3959 1276 4050 quinque
1293 3962 1333 4049 (5
1346 3959 1429 4049 CC),

230 4085 396 4175 requirat
428 4083 652 4156 centimetra
683 4084 999 4176 vigintiquinque
1029 4083 1095 4179 (025
1130 4086 1204 4177 CC)
1230 4086 1428 4158 solutionis

231 4211 334 4304 cupri
352 4308 353 4311 Ἴ
369 4211 544 4298 sulfurici
584 4212 704 4284 donec
742 4211 863 4302 liquor
901 4212 1065 4284 colorem
1104 4213 1316 4286 caeruleum
1353 4235 1429 4285 nou

230 4339 390 4431 amplius
410 4343 698 4410 evanescentem
716 4338 847 4411 induit.

337 4465 449 4556 Aqua
466 4466 761 4557 amygdalarum
800 4487 1016 4540 amararum
1052 4468 1100 4539 sit
1131 4489 1267 4558 parum
1296 4468 1429 4540 lactes-

230 4613 330 4678 cens
351 4593 477 4665 oleum
502 4594 786 4685 amygdalarum
806 4615 1023 4665 amararum
1049 4600 1085 4666 et
1118 4594 1266 4667 acidum
1294 4596 1429 4687 hydro·

230 4719 429 4810 cyanicum
444 4721 628 4809 redolens
650 4721 795 4814 saporis
816 4721 957 4794 urentis
978 4722 1130 4794 minime
1151 4721 1282 4795 dulcis.
