3600 5534
849 528 1008 601 -aln
1052 572 1087 583 -

475 744 624 819 Semina
638 747 798 838 perfecte
818 753 964 821 matura
984 750 1133 835 siccata,
1154 749 1394 840 subglobosa,
1417 748 1490 820 dun
1515 750 1563 822 ad

364 874 434 946 tria
452 873 663 947 millimetra
680 874 720 947 in
740 875 932 964 diametro,
945 877 1026 949 basi
1046 875 1562 969 strophiolasubacuminata,

366 999 612 1089 albuminosa‚
642 1000 742 1092 dura,
762 1007 862 1075 testa
882 1007 990 1077 extus
1011 1025 1138 1096 opaca,
1157 1004 1407 1091 rubro-lusca,
1428 1003 1562 1077 delica-

365 1126 510 1200 tissime
547 1127 733 1201 foveolato
751 1171 763 1183 ·
778 1135 969 1222 punctata.
1012 1132 1175 1223 Embryo
1212 1153 1373 1224 parvae,
1427 1136 1564 1223 rectus

366 1255 576 1329 continetur
617 1260 723 1349 parte
770 1258 963 1349 periferica
1008 1258 1206 1331 albuminis
1254 1258 1383 1349 solidi,
1423 1258 1562 1351 griseo·

366 1382 498 1475 albidi,
554 1384 698 1473 cornei‚
746 1385 821 1459 lere
869 1385 1099 1459 exadversus
1155 1364 1410 1478 stroplriolam.
1470 1388 1568 1460 Sunt

366 1512 512 1603 saporis
540 1510 726 1604 peramari
755 1517 791 1585 et
819 1511 932 1599 acris;
962 1517 1068 1586 caute
1096 1534 1166 1586 nec
1195 1515 1292 1588 ultra
1320 1534 1461 1588 annum
1490 1534 1566 1587 ser·

365 1638 502 1713 venda.

478 1764 659 1839 tinctura.
691 1759 826 1838 Iduum.

704 2164 894 2274 Samen
922 2164 1215 2308 (lyduniac.

485 2388 645 2485 Cydonia
674 2389 830 2486 nulyaris
857 2367 1072 2479 Persoon,
1103 2390 1214 2463 arbor
1237 2392 1274 2463 in
1294 2388 1444 2463 Oriente
1472 2388 1567 2464 indi·

370 2540 476 2610 gena,
497 2516 598 2610 apud
617 2537 688 2589 nos
709 2516 884 2608 frequens
906 2518 1013 2590 culta.
1034 2518 1218 2590 Rosaceac.
1239 2518 1397 2590 Pomeuc.

479 2644 630 2719 Semina
640 2644 777 2718 siccata
791 2666 858 2737 per
872 2644 980 2738 plura
996 2645 1259 2737 conglutinata,
1276 2647 1447 2737 obovata,
1467 2669 1567 2721 com·

368 2794 510 2867 pressa,
539 2772 716 2865 angulata
745 2778 810 2845 aut
834 2777 1003 2863 cuneata,
1033 2772 1294 2865 subtriquetra,
1328 2775 1569 2866 acutiuscula,

370 2900 534 2993 quinque
555 2900 602 2971 ad
622 2903 707 2973 octo
727 2900 937 2973 millimetra
953 2902 1074 2993 longa,
1094 2905 1193 2975 testa
1221 2906 1329 2974 extus
1355 2923 1374 2973 e
1404 2902 1569 2975 violaceo

366 3030 482 3119 lusca,
516 3027 777 3101 membranula
814 3026 948 3119 albida,
986 3049 1105 3121 opaca
1142 3029 1300 3119 obtecta,
1335 3029 1514 3126 epithelio
1549 3051 1568 3102 e

370 3154 511 3228 cellulis
530 3153 745 3246 composito
770 3176 920 3228 mucum
945 3156 1140 3249 copiosum
1167 3156 1450 3249 includentibus,
1471 3178 1570 3249 quae

369 3283 527 3355 humore
546 3282 684 3355 hausto
709 3286 928 3373 turgescunt
953 3289 988 3357 et
1012 3305 1100 3357 mox
1119 3284 1288 3376 diruptae
1308 3284 1571 3375 mucilaginem

371 3410 551 3500 emittunt,
576 3430 692 3501 quare
717 3410 861 3483 semina
884 3410 1039 3504 integra,
1060 3432 1160 3504 aqua
1178 3412 1404 3503 humectata,
1430 3412 1572 3485 lubrica

370 3538 466 3611 fiunt
484 3542 519 3610 et
538 3558 624 3611 cum
648 3560 748 3629 aqua
772 3543 1036 3632 conquassata,
1061 3540 1242 3632 liquorem
1261 3540 1572 3634 mucilaginosum

368 3665 560 3760 praebent.

479 3790 667 3891 Mucium.

795 4116 986 4227 Samen
1012 4115 1146 4227 bini.

477 4340 610 4413 [tinum
625 4338 899 4415 usitatissimum
914 4342 1045 4435 Linn,
1070 4340 1200 4436 planta
1219 4363 1356 4434 annua,
1377 4342 1479 4435 apud
1497 4363 1570 4416 nos

368 4468 669 4562 frequentissime
690 4472 801 4546 culta.
822 4468 1007 4545 Maecena

477 4598 629 4672 Semina
638 4605 762 4690 ovata,
774 4620 1002 4691 compressa,
1012 4596 1181 4690 margine
1192 4600 1396 4690 attenuata,
1408 4601 1570 4691 quatuor

369 4726 417 4797 ad
439 4726 602 4819 quinque
622 4726 831 4800 millimetra
859 4726 981 4817 longa,
1010 4749 1031 4799 a
1050 4726 1165 4799 latere
1190 4724 1305 4817 apicis
1326 4724 1459 4817 obtusi,
1480 4727 1567 4799 sub·
