3600 5534
823 574 867 584 -
902 530 1063 620 ess-,-

340 747 464 820 dilutis
485 770 570 821 eum
983 842 986 849 Ι

475 872 819 976 limitandum
873 880 1115 971 prammalum
1129 881 1284 970 quatuor
1297 874 1402 947 milli

1101 1002 1163 1073 hus
1182 1008 1214 1073 ei
1233 1003 1401 1075 trecentis.
1431 1005 1537 1077 4300

446 1132 734 1223 Praecipitatum
755 1130 1020 1218 aurantiacum,
1045 1129 1131 1201 inde
1152 1135 1284 1215 ortum,
1305 1130 1537 1203 subsidendo

338 1264 374 1330 et
402 1258 588 1331 abluendo
613 1259 709 1331 bene
730 1258 998 1346 edulcoratum,
1026 1256 1101 1329 leni
1129 1255 1250 1329 calore
1281 1257 1473 1345 siccatum,
1498 1258 1537 1330 in

338 1386 430 1457 vitro
451 1388 546 1458 bene
567 1386 695 1457 clauso
715 1384 788 1458 luci
809 1385 987 1476 impervia
1008 1404 1130 1455 serva.

447 1514 501 1585 Sil
533 1513 654 1605 pulvis
685 1512 961 1601 subtilissimus
994 1511 1391 1599 rubro-amantiaeus
1430 1512 1537 1585 valde

339 1641 555 1732 depingens
572 1640 699 1711 odoris
711 1661 854 1731 expers,
865 1638 1059 1731 insipidus,
1075 1638 1114 1709 in
1130 1638 1235 1709 acido
1251 1638 1537 1727 hydroehlorieo

339 1769 478 1841 sulfure
509 1767 694 1855 derelicta,
723 1766 762 1839 in
781 1767 901 1840 natilo
923 1764 1207 1856 hydrooxydato
1227 1766 1352 1838 soluto
1383 1789 1428 1839 ex
1456 1773 1535 1840 toto

340 1895 521 1967 solubilis

449 2022 541 2095 Cum
567 2022 751 2094 solutione
781 2020 875 2094 acidi
904 2019 1065 2092 tartariei
1085 2019 1203 2091 diluta
1231 2022 1536 2111 conquassatum,

340 2152 522 2242 liquorem
547 2150 733 2241 praebeat,
763 2148 825 2239 qui
851 2148 1020 2233 filtratuS,
1055 2147 1181 2219 addita
1210 2168 1309 2238 aqua
1341 2148 1538 2240 hydrosul-

343 2280 475 2365 limata,
513 2276 658 2349 nullum
696 2276 753 2347 vel
791 2274 943 2347 nonnisi
972 2274 1215 2365 perexiguum
1243 2276 1537 2367 praecipitatum,

340 2406 476 2479 eoloris
497 2403 700 2477 aurantiaei
719 2403 881 2495 deponit.
1098 2378 1101 2383 ¹

405 2572 408 2579 ’
450 2532 607 2604 Slibium
627 2532 848 2603 sulfuratum
869 2528 1126 2601 aurantiacum
1146 2529 1334 2600 ammonio
1356 2530 1537 2602 sulfimato

342 2660 506 2731 solutum
536 2664 572 2731 et
592 2680 636 2729 ex
656 2658 725 2729 hae
755 2657 951 2743 solutione,
981 2656 1088 2728 acido
1109 2656 1395 2745 hydrochlorico
1420 2659 1536 2730 abun-

340 2786 450 2859 dante
481 2786 617 2872 addite,
637 2786 769 2858 iterum
798 2783 1093 2877 praecipitatum,
1122 2788 1201 2855 tum
1230 2805 1330 2876 aqua
1357 2785 1476 2858 lotum
1502 2793 1540 2859 et

340 2935 425 2986 cum
454 2913 612 3005 decupla
640 2913 844 3003 quantitate
880 2912 1058 2984 ammonii
1088 2912 1276 2985 sarbonici
1305 2914 1418 2986 soluti
1448 2936 1535 2989 eon·

340 3046 571 3132 quassatum,
592 3040 768 3113 filtratum
787 3042 973 3133 praebeat,
1003 3041 1103 3132 quod
1123 3040 1230 3113 asido
1248 3040 1534 3131 hydroehlorieo

341 3173 447 3240 caute
474 3165 712 3255 acidulatum,
740 3188 808 3239 nee
829 3167 1081 3240 sedimentum
1110 3168 1252 3240 luteum
1280 3169 1439 3241 arseniei
1458 3169 1534 3242 sul·

339 3295 450 3366 furati
489 3294 652 3385 deponit,
690 3316 758 3367 nec
793 3296 919 3369 addita
952 3317 1051 3386 aqua
1082 3296 1385 3387 hydrosullurata
1422 3296 1536 3387 hujus

340 3422 497 3515 vestigia
525 3422 622 3493 flavo
652 3423 775 3495 colore
804 3424 958 3511 indicat,
989 3445 1100 3514 quem
1129 3424 1250 3514 liquor
1278 3425 1536 3517 assumpserit.
1623 3418 1626 3422 ’

522 3890 748 3999 Sllbium
773 3890 1100 4001 sulfuratum
1119 3892 1353 4032 nigrum.

699 4119 979 4198 Antimonium
1003 4122 1181 4198 crudum.

449 4318 584 4388 Fausta
597 4314 818 4407 ponderosa,
836 4337 855 4386 a
870 4314 977 4406 nigro
992 4316 1124 4406 giisea
1145 4338 1190 4388 ex
1209 4316 1394 4408 clystallis
1415 4318 1534 4390 aeieu·

340 4442 489 4529 laribus
509 4442 691 4513 metallice
712 4442 1007 4534 splendentibus,
1031 4442 1237 4516 friabilibus
1259 4445 1477 4535 composita,
1499 4447 1537 4518 in

339 4577 423 4643 atre
457 4567 712 4653 immutabilia,
745 4567 819 4639 leni
853 4570 937 4659 igne
971 4570 1223 4660 liquescentis,
1257 4571 1364 4643 acido
1397 4572 1535 4663 hydro·

341 4697 504 4770 chlorieo
525 4696 646 4768 affuso
667 4718 734 4787 gas
756 4697 1096 4787 hydrosulfuratum
1117 4699 1299 4773 emittunt
