3600 5534
715 564 956 640 -a51-

369 784 513 862 nom
534 779 703 862 tartarei

439 972 455 1003 ‚,
528 910 664 990 lisivae

439 1098 454 1130 „
528 1037 720 1118 lllroenlos

370 1168 521 1247 linctus
539 1167 637 1245 lintei
657 1164 795 1245 stallati
851 1164 899 1240 α’ἶι
919 1173 1122 1265 mammete
1142 1168 1304 1263 quinque.
1408 1169 1430 1241 5

344 1296 505 1370 Concisa
523 1301 559 1369 et
578 1300 738 1370 contusa
756 1295 995 1372 misceantur.

705 1746 953 1893 Spiritus.

341 1974 400 2051 Ad
429 1974 617 2069 parandos
638 1973 796 2067 Spiritus
827 1973 1035 2047 destillatos
1063 1973 1316 2062 medicinales
1345 1976 1432 2048 sub·

234 2104 394 2177 stantiae
427 2103 466 2176 in
501 2124 636 2195 genere
670 2102 842 2175 concisae
877 2101 937 2173 vel
966 2106 1145 2174 contusae
1175 2102 1433 2193 adhibeantur,

234 2253 329 2325 quae
358 2236 444 2305 ante
479 2230 768 2304 destillationem
802 2252 886 2303 cum
914 2230 1143 2323 praescripta
1171 2229 1324 2322 spiritus
1357 2230 1434 2303 vini

234 2358 441 2452 quantitate
459 2378 527 2451 per
545 2358 743 2430 duodecim
759 2358 873 2430 horas
889 2363 1138 2445 macerentnr;
1154 2356 1353 2429 destillatio
1368 2358 1434 2430 fiat

233 2484 314 2578 lege
334 2484 425 2558 artis
444 2483 484 2557 in
502 2484 637 2556 balneo
657 2485 818 2577 vaporis,

342 2630 502 2725 Spi1itus
522 2630 698 2703 destillati
718 2631 959 2705 medicinales
983 2631 1059 2705 sint
1085 2631 1212 2705 odoris
1231 2637 1268 2706 et
1287 2633 1433 2725 saporis

231 2759 393 2853 partium
416 2758 619 2832 volatilium
647 2764 683 2831 et
708 2758 747 2831 in
767 2759 899 2853 spiritu
918 2760 995 2832 vini
1015 2759 1230 2833 solubilium
1269 2761 1432 2834 medica·

232 2888 398 2978 minium,
420 2910 440 2961 e
461 2888 596 2981 quibus
615 2892 805 2981 parantur.

341 3035 541 3108 Serventur
559 3034 599 3107 in
617 3033 761 3126 lagenis
781 3034 921 3128 optime
942 3034 1090 3123 clausis
1111 3034 1194 3108 loco
1215 3035 1377 3108 obscuro
1397 3040 1434 3107 et

231 3161 374 3255 frigido.

573 3612 806 3758 Spiritus
830 3614 1093 3732 Aetheris.

621 3844 775 3949 Liquor
791 3845 1041 3925 Hoffmanni.

232 4041 334 4137 Rpe:
369 4036 534 4119 Aetheris
587 4048 790 4137 prammoto
809 4042 936 4139 vipintt
954 4042 1106 4137 putaque
1381 4041 1430 4113 025

370 4186 530 4292 Spiritus
550 4184 628 4266 Vini
648 4188 872 4266 cunccltrsti
946 4194 1148 4284 praeamata
1167 4194 1304 4283 septtau-

1039 4315 1142 4413 pinta
1161 4317 1324 4411 quinque.
1382 4316 1431 4389 75

342 4464 458 4538 Misce
477 4462 572 4537 etin
591 4464 726 4556 lagena
744 4464 840 4537 bene
861 4463 991 4537 clausa
1010 4483 1130 4537 serva.

344 4612 399 4685 Sit
416 4610 557 4703 Liquor
575 4609 763 4704 limpidus
782 4610 962 4705 ponderis
982 4632 1081 4704 spec.
1101 4610 1232 4683 0820.

342 4758 502 4857 Spiritus
521 4758 625 4831 Ferri
642 4756 906 4855 sesquialterum
924 4756 1108 4830 aethereus.
