3600 5534
701 553 938 629 -245-

323 772 474 847 Semina
493 777 642 845 matura
662 774 773 865 sicca,
784 773 1024 865 subglobosa,
1041 773 1222 845 diametro
1232 772 1345 846 unius
1366 773 1414 845 ad

216 898 549 993 sesquimillimetri,
573 904 670 973 testa
694 899 800 973 extus
820 899 1072 986 fusco-rubra,
1093 901 1164 973 sub
1183 901 1281 972 lente
1302 901 1415 972 subti-

215 1028 355 1101 lissime
368 1026 779 1117 reticulato-loreolam,
799 1030 1003 1119 embryone
1014 1028 1310 1121 exalbuminoso,
1328 1029 1415 1099 sub·

215 1154 447 1246 viridi-flavo,
458 1154 598 1247 oleoso,
611 1154 883 1247 conduplicata
896 1155 1178 1247 cotyledonibus
1189 1154 1287 1227 binis
1299 1154 1414 1247 appli-

217 1283 355 1373 catinis,
388 1281 556 1355 radicula
585 1283 785 1373 cylindrica
813 1284 1074 1374 adscendente,
1111 1281 1280 1370 inodora,
1309 1303 1414 1353 man-

217 1411 353 1483 ducata
372 1410 520 1503 saporis
539 1410 586 1482 ab
606 1410 708 1483 initio
720 1412 918 1503 subamari,
939 1411 1112 1485 subacidi
1131 1410 1307 1497 etoleosi,
1328 1408 1414 1481 dein

217 1538 390 1631 pemeria,
409 1538 564 1611 urentis.

324 1664 452 1739 Pulvis
492 1665 680 1739 seminum
727 1686 747 1739 e
795 1666 967 1739 subflavo
997 1666 1239 1755 viridescenS,
1287 1660 1417 1738 lerina

218 1792 388 1870 sanim
427 1786 587 1892 Sinopis,
625 1814 758 1865 recens
802 1798 957 1887 paratus
1000 1794 1039 1866 in
1077 1793 1237 1866 officinis
1266 1794 1417 1884 praesto

218 1922 276 1994 sit.
335 1921 445 2013 Aqua
463 1921 701 1993 humectatus
731 1942 861 1993 auram
889 1922 1049 2014 explicat
1077 1922 1282 2009 volatilem,
1321 1940 1418 1991 acer·

215 2048 359 2123 rimam.

325 2175 378 2248 Ne
408 2175 657 2249 adulteratum
686 2176 735 2247 sit
763 2176 901 2250 Semen
921 2176 1071 2268 Sinopis
1098 2198 1183 2250 cum
1212 2175 1417 2247 seminibus

219 2304 373 2377 aliarum
411 2305 683 2393 cruciferorum,
730 2310 773 2376 ut
813 2304 1013 2396 praecipue
1052 2303 1192 2375 semiue
1230 2302 1419 2374 Brassicae

220 2428 344 2527 llopae
365 2430 526 2524 (Lina),
564 2430 716 2523 majore,
745 2431 916 2522 laeuone,
946 2430 1107 2503 obscure
1145 2430 1263 2522 lusco,
1294 2430 1418 2504 minus

219 2559 293 2632 acri
312 2565 377 2632 aut
394 2559 536 2633 semine
562 2559 709 2653 Sinopis
727 2556 824 2629 albae
852 2557 1022 2650 (Lina),
1052 2555 1204 2649 majore,
1241 2558 1415 2650 laeviore,

220 2687 328 2761 llavo.

370 3102 670 3217 Sumen
704 3104 1275 3241 sucophantas.

334 3324 489 3401 Generis
505 3328 831 3423 Apocpneaceorum
846 3324 1075 3423 Stropltoullti
1091 3326 1235 3420 species
1245 3325 1422 3398 fruticosa

223 3455 371 3530 Africae
390 3456 564 3549 tropicae,
589 3454 845 3528 verosimiliter
872 3453 1131 3551 Stroplantlzus
1157 3454 1320 3549 hispidas
1348 3454 1419 3526 DC.

334 3582 485 3656 Semina
519 3603 685 3675 comosa,
724 3588 883 3674 matura,
923 3584 1072 3673 siccata,
1111 3583 1269 3675 derupto
1303 3588 1425 3653 rostro

225 3712 350 3804 longe,
366 3715 524 3799 comato,
541 3710 739 3783 duodecim
749 3712 796 3783 ad
812 3709 1067 3801 duodeviginti
1077 3710 1288 3782 millimetra
1301 3709 1425 3799 longa,

226 3839 298 3912 tria
321 3838 368 3911 ad
395 3838 559 3930 quinque
587 3838 798 3911 millimetra
821 3838 910 3929 lata,
939 3858 1168 3929 compressa,
1196 3837 1428 3929 plano-con-

229 3965 456 4057 nexiuscula,
484 3964 837 4058 oblongo-linearia
863 3970 929 4039 aut
956 3966 1176 4057 lanceolata,
1207 3964 1431 4052 acuminata,

228 4092 266 4167 in
285 4092 399 4167 latere
419 4092 708 4167 convexiusculo
728 4092 862 4166 obtuse
882 4070 1059 4180 carindia,
1087 4092 1242 4184 fragilia,
1268 4092 1432 4164 fractura

231 4221 389 4314 aequali,
417 4222 638 4295 indumento
667 4220 932 4311 crassiuscum,
959 4226 1066 4293 extus
1095 4225 1264 4295 tomento
1291 4220 1430 4311 griseo-

231 4348 335 4421 viridi
350 4370 371 4422 e
385 4349 468 4442 pilis
488 4349 620 4440 longis,
636 4348 838 4441 adpressiS,
855 4348 1269 4421 sericeo-albicantibus
1283 4348 1433 4432 vestito,

232 4478 376 4569 nucleo,
406 4478 615 4570 composito
645 4475 932 4568 eperispermio
961 4477 1077 4567 tenui,
1106 4475 1431 4565 subcartilagineo,

234 4606 370 4679 ssavido
381 4610 473 4679 etex
488 4604 689 4697 embryone
702 4604 797 4692 albo,
809 4603 1133 4695 oleoso-carnoso,
1150 4603 1436 4696 cotyledonibus

236 4733 418 4825 oblongis
438 4730 605 4805 radicula
624 4730 748 4821 longa,
769 4730 983 4821 cyliudrica.
