3600 5534
729 524 971 600 -279-

321 746 726 856 motura
769 742 961 879 0196!
993 744 1380 883 simplem.

259 969 356 1060 Rpe:
398 962 555 1065 Spirltns
576 963 652 1041 lini
672 962 895 1043 tenuitati

914 1099 1117 1188 prummatu
1135 1096 1330 1191 ltonupintu
1403 1098 1455 1168 90

259 1224 373 1295 misce
394 1244 479 1295 cum
523 1228 529 1243 ’

397 1346 518 1447 ique
538 1343 749 1424 tenellam

403 1496 407 1503 ·
649 1474 823 1566 promittis
843 1480 978 1545 cantum
996 1481 1028 1546 ct
1047 1477 1317 1572 quinquaqinta.
1379 1478 1455 1548 150

370 1604 462 1677 Cum
482 1602 593 1693 hujus
615 1601 803 1673 miscellae
824 1624 853 1671 s.
875 1622 910 1694 q.
932 1625 1139 1695 consperge

368 1728 447 1833 tptt
468 1728 591 1804 siccati
614 1750 741 1829 grem
762 1726 945 1827 pullenti
971 1738 1177 1825 montineto
1196 1731 1334 1825 olpt'mi,
1405 1732 1457 1803 to

259 1862 348 1951 quin
369 1858 601 1948 conglobent.
623 1858 744 1929 Horae
764 1857 908 1929 circiter
927 1860 1047 1949 spatio
1068 1860 1197 1951 elapso
1225 1860 1351 1949 ingere
1373 1857 1457 1951 Opil

259 1988 446 2079 pulverem
466 1986 503 2057 in
523 1990 743 2076 apparatum
760 1986 1014 2076 depulsoiium
1043 1992 1078 2058 et
1102 1985 1328 2079 superfundo
1358 1986 1459 2058 sulfi-

259 2116 417 2187 cientem
428 2114 673 2203 quantitatem
683 2113 870 2185 miscellae
886 2113 1120 2204 spirituosae‚
1135 2119 1176 2185 ut
1189 2113 1339 2205 penitus
1354 2113 1456 2187 obte-

262 2248 379 2335 gatur.
399 2240 544 2313 Macera
563 2262 629 2331 per
649 2239 896 2331 quadraginta
916 2246 1000 2313 octo
1015 2242 1138 2315 horas.
1156 2240 1300 2328 Quibus
1320 2242 1459 2313 exactis

261 2370 444 2459 liquorem
491 2367 629 2438 stillare
682 2369 795 2439 sinas.
849 2368 1016 2441 Residuo
1068 2388 1135 2459 per
1173 2366 1274 2439 vices
1309 2367 1459 2439 affunde

262 2495 466 2567 miscellam
496 2494 735 2585 spirituosam
768 2495 970 2582 residuam,
1010 2501 1131 2567 donec
1160 2496 1310 2586 pondus
1344 2494 1459 2567 totius

262 2622 415 2713 liquoris
436 2621 580 2693 collecti
600 2621 649 2692 sit
702 2628 942 2715 praelocutum
962 2622 1198 2695 ducentorum.
1382 2622 1461 2693 tub

371 2748 549 2823 Tinctura
569 2747 651 2839 Opii
673 2750 829 2841 simplex
858 2752 897 2823 in
927 2755 1075 2823 cultum
1100 2752 1268 2843 pentibus
1289 2748 1461 2822 solubilia

262 2877 392 2949 decem
413 2881 660 2967 grammatum
680 2876 764 2969 Opil
784 2878 928 2949 circiter
947 2879 1121 2965 continet,
1142 2878 1241 2969 quod
1264 2876 1460 2967 grammati

262 3004 324 3077 uni
344 3003 531 3094 Morpbini
551 3002 764 3095 respondet.

372 3130 586 3202 Grammata
597 3130 844 3221 quadraginta
856 3133 1036 3203 tincturae
1053 3132 1183 3203 eadem
1194 3133 1347 3221 ratione,
1365 3153 1460 3223 (puae

263 3259 307 3330 de
328 3259 507 3330 Tinctum
527 3258 611 3348 Opil
632 3264 779 3330 crocata
799 3260 1027 3351 pluescnpta
1048 3266 1115 3338 est,
1137 3259 1347 3331 examinata
1367 3280 1458 3349 pon·

263 3386 333 3458 dus
354 3384 540 3477 Moiphini
560 3406 637 3457 non
658 3386 783 3457 minus
805 3408 917 3476 quam
938 3388 1028 3457 038
1050 3386 1259 3458 exhibeant.

555 3706 819 3816 Tinctum
846 3707 1171 3817 llatanbiae.

370 3934 525 4005 Paretur
561 3954 580 4003 e
609 3932 748 4003 lladicc
768 3932 978 4003 Ratanliiae
998 3932 1190 4023 pulvccatu
1227 3938 1267 4003 ut
1286 3932 1463 4003 'tinctura

263 4060 439 4135 Aurantii.

525 4346 787 4455 'linctum
813 4343 947 4454 llbci
976 4378 1201 4484 aquosa.

264 4570 367 4661 Rpe:
409 4564 555 4645 bellicis
574 4567 663 4644 llbei
684 4568 850 4644 concleae
906 4576 1107 4663 prlnumotu
1129 4569 1236 4637 dnum
1416 4572 1463 4639 lll

401 4693 510 4773 Natril
534 4692 717 4771 mbulet
738 4692 974 4792 crystalllunti
1030 4702 1231 4790 praemulta
1255 4698 1325 4766 triu
1422 4682 1461 4767 ’3
