3600 5534
682 511 926 583 -191-

493 852 676 960 tlleum
700 851 1104 993 llcrgamottoe.

310 1076 338 1148 E
358 1074 568 1168 pericarpio
594 1074 687 1146 citri
707 1076 916 1171 Berpamtae
936 1074 1112 1167 (Risso)
1133 1078 1328 1165 paratum,
1356 1074 1404 1146 sit

203 1203 407 1294 limpidum,
428 1202 555 1275 odoris
571 1202 659 1274 Citri
678 1205 823 1275 tructus
844 1201 985 1289 similis,
1004 1201 1150 1294 saporis
1172 1222 1257 1273 cum
1278 1200 1404 1294 aliqua

203 1330 375 1401 acredine
384 1330 739 1419 amaro-aromatici,
749 1330 929 1422 ponderis
950 1350 1050 1422 spec.
1069 1330 1198 1417 0·860,
1213 1330 1250 1399 in
1271 1328 1403 1421 spiritu

203 1456 275 1528 vini
295 1462 537 1529 concentrato
556 1456 727 1530 facillime
748 1462 786 1530 et
803 1456 954 1550 limpide
974 1456 1142 1529 solubile.

310 1584 451 1658 Tractu
481 1585 661 1677 temporis
694 1607 862 1659 massam
894 1584 1160 1677 crystallinam,
1199 1583 1238 1656 in
1271 1582 1401 1675 spiritu

202 1710 276 1783 vini
295 1712 421 1785 miuus
440 1712 638 1785 solubilem
658 1713 820 1805 deponit.

317 1836 536 1935 Unpucutum
553 1846 720 1912 rosatum.

598 2302 784 2417 (ileum
811 2302 1002 2412 dacco.

627 2534 826 2635 Butyrum
850 2531 994 2613 Cacao.

315 2729 343 2802 E
364 2728 570 2803 seminibus
593 2726 821 2802 lbeobromoe
840 2731 953 2801 t'ocuo
970 2728 1126 2819 (Liun.)
1147 2728 1278 2801 leniter
1296 2726 1404 2799 tostis

209 2863 244 2928 et
264 2856 509 2945 decorticatis
527 2856 768 2948 expressione
789 2856 911 2928 calida
929 2861 966 2928 et
980 2856 1178 2928 libratione
1198 2856 1403 2928 obtentum.

316 2982 450 3057 Oleum
483 2984 616 3072 Caca0,
650 2982 915 3058 consistentiae
955 2983 1046 3071 sebi,
1081 2982 1130 3055 sit
1168 3006 1187 3055 e
1233 2983 1402 3055 subflavo

213 3110 355 3196 album,
411 3111 539 3184 odoris
591 3111 685 3202 grati
737 3110 892 3184 seminis
934 3110 1067 3199 cacan,
1105 3109 1252 3201 saporis
1290 3106 1403 3196 mitis,

209 3241 460 3330 temperatura
479 3242 662 3309 consueta
680 3238 821 3329 fragile,
846 3236 919 3309 leni
940 3237 1062 3309 calore
1084 3238 1302 3329 (30-350)
1323 3235 1402 3309 sine

211 3366 419 3437 sedimento
435 3364 659 3457 liquescens.
680 3363 722 3436 ln
743 3364 904 3436 aetheris
924 3364 1043 3437 tribus
1063 3364 1232 3456 partibus
1252 3363 1402 3456 limpido

211 3492 385 3579 solvatur,
396 3511 493 3584 quae
507 3490 643 3562 solutio
659 3492 771 3563 eliam
785 3490 940 3583 limpida
955 3496 1116 3563 maneat.
1129 3490 1223 3563 Cum
1238 3490 1404 3563 miscella

211 3638 230 3689 e
262 3619 408 3691 duabus
437 3619 605 3711 partibus
625 3640 747 3711 aquae
777 3624 814 3691 et
838 3624 944 3711 parte
977 3639 1054 3691 una
1083 3617 1293 3691 ammoniae
1313 3639 1401 3691 eon-

211 3751 443 3837 quassalum,
463 3745 620 3817 fluidum
638 3746 800 3817 lacteum
819 3766 867 3818 ne
885 3746 1075 3838 praebeat.

558 4212 741 4321 tlleum
767 4214 1034 4323 oudinum.

315 4438 345 4509 E
364 4438 465 4528 ligno
484 4434 651 4532 dunno-i
671 4436 841 4534 Oxpcedrt
859 4438 1022 4534 (Linn.)
1040 4438 1288 4511 destillatione
1305 4436 1405 4509 sicca

211 4566 402 4638 obtentum
433 4564 559 4637 oleum
586 4566 964 4657 empyreumatieum;
994 4564 1042 4637 sil
1062 4565 1223 4637 obscure
1244 4566 1403 4653 fuscum,

209 4692 506 4785 spissiusculum,
525 4693 617 4787 picis
636 4692 799 4784 liqtlidae
819 4692 949 4765 simile.
