3600 5534
874 561 1084 630 ..55-

490 778 583 850 Leni
602 777 678 868 igni
699 776 955 868 colliquefacta
974 781 1011 847 et
1030 776 1151 848 colata
1172 777 1319 848 effunde
1345 774 1383 846 in
1403 774 1578 866 capsulas

382 906 611 978 chartaceus.

491 1031 666 1103 Ceratum
684 1031 732 1103 sit
750 1031 886 1102 coloris
907 1030 991 1117 albi,
1011 1029 1162 1102 minime
1182 1029 1387 1102 rancidum.

727 1351 978 1461 Ceratum
1004 1355 1228 1468 luscum.

380 1560 476 1653 Rpe:
509 1557 699 1660 llnplastrl
721 1557 918 1656 biachylon
939 1556 1113 1658 simplicis

922 1693 1118 1781 pronuncia
1138 1685 1281 1756 ducenta
1302 1693 1332 1756 et
1352 1687 1450 1780 quin-

980 1797 1158 1889 quapiam.
1499 1795 1575 1866 050

489 1925 643 1997 Calesrat
653 1925 723 1997 sub
736 1924 913 1997 continua
924 1922 1133 2014 agitatione,
1146 1923 1404 2022 donecmassa
1414 1921 1577 1993 colorem

378 2053 648 2144 nigro-fuscum
669 2051 862 2143 acceperit,
882 2050 971 2123 dein
991 2050 1086 2122 adde

506 2177 616 2254 (ierac
636 2176 749 2254 fluvio
921 2184 1118 2273 pronuncia
1133 2184 1265 2247 centurn
1501 2177 1575 2248 100

507 2304 690 2398 lxunglac
711 2303 811 2380 loru
922 2310 1121 2399 praeamata
1140 2313 1268 2375 centana
1288 2311 1318 2375 ct
1336 2304 1435 2398 quin·

978 2432 1154 2526 quopiam.
1502 2432 1577 2502 150

488 2560 654 2633 Humore
675 2563 898 2650 consumpto
921 2558 1069 2630 effunde
1090 2558 1128 2628 in
1146 2543 1314 2632 tabulas

827 2882 1132 2997 ¹beluacum.

495 3070 651 3142 Catodoo
680 3070 958 3165 macrocepbulus
982 3071 1211 3161 Lacepede
1242 3075 1278 3141 et
1306 3068 1401 3142 aliae
1431 3067 1578 3161 species

382 3219 561 3291 generum
587 3197 744 3270 Celadon
765 3203 800 3271 et
818 3199 999 3294 Pbpsetcr,
1026 3197 1171 3269 incolae
1197 3197 1417 3289 praesertim
1448 3197 1577 3268 oceani

378 3325 534 3418 pacifici.
565 3323 789 3399 Mammaua.
822 3326 1009 3398 Nulautia.
1046 3324 1289 3397 Genumana.

489 3453 579 3524 Pars
605 3453 726 3525 solida
754 3454 937 3546 depurata
964 3452 1195 3525 substantiae
1219 3452 1478 3543 semiliquidae
1497 3449 1576 3542 pin-

378 3580 460 3670 guis
481 3581 539 3652 sui
560 3580 716 3670 generis
737 3581 774 3651 in
795 3582 896 3652 cavis
914 3579 1153 3671 amplissimis
1174 3579 1304 3669 capitis
1326 3577 1575 3669 ductibusque

379 3707 623 3779 subcutaneis
645 3708 855 3780 dorsalibus
877 3713 1084 3790 contentae.

490 3835 657 3908 Occurrit
694 3835 731 3907 in
773 3835 913 3907 massis
947 3833 1402 3924 lamelloso-crystalliniS,
1442 3832 1575 3904 coloris

378 3963 571 4050 albissimi,
601 3963 768 4034 conchae
797 3963 980 4034 unionum
998 3961 1119 4033 instar
1147 3961 1361 4046 nitentibus,
1388 3961 1575 4051 subpellu-

378 4090 481 4179 nidis,
503 4095 604 4162 tactu
624 4090 783 4177 lubricis,
804 4089 1017 4174 friabilibuS,
1033 4087 1210 4179 ponderis
1227 4088 1389 4179 specilici
1404 4089 1495 4158 0·94
1512 4108 1572 4158 us-

378 4239 450 4309 que
476 4220 578 4305 0·95,
598 4218 720 4288 calore
747 4217 844 4289 circa
873 4217 948 4288 50Ο
976 4215 1286 4306 liquescentibus,
1306 4217 1380 4285 fere
1407 4214 1573 4286 inodoris

378 4352 414 4418 et
443 4344 622 4436 insipidis,
643 4344 679 4414 in
710 4344 858 4415 aethere
881 4341 972 4413 etin
994 4342 1123 4432 spiritu
1144 4342 1218 4413 vini
1246 4342 1442 4413 ebulliente
1472 4342 1571 4412 solu·

325 4495 331 4508 ·
376 4473 524 4544 bilibus.

488 4601 686 4671 (letaceum
707 4599 856 4683 llavum,
877 4597 1073 4669 rancidum
1091 4596 1219 4688 rejicia
1234 4619 1288 4669 ur.

492 4725 663 4797 Ceratum.
694 4722 911 4820 Uolumnium
930 4723 1111 4794 canoliicna
