3600 5534
863 524 1106 593 -160-

390 739 558 832 partibus
578 738 764 813 bullientis
784 740 966 812 solubilis.
987 740 1222 813 Fervefactus
1243 738 1397 811 odorem
1417 739 1585 813 sacchari

391 866 482 938 tosti
501 866 654 958 spargit,
675 867 908 940 carbonescit
928 872 964 939 et
983 888 1150 939 massam
1178 866 1372 939 alcaliuam
1400 866 1584 959 relinquit,

392 1015 488 1085 quae
510 1016 580 1086 ope
600 994 650 1065 fili
676 995 828 1086 platluei
851 995 1024 1067 flammae
1051 995 1213 1082 admota,
1241 994 1338 1067 hauc
1365 995 1487 1067 colore
1507 986 1601 1068 vio-'

392 1122 497 1193 laceo
517 1122 641 1194 inficit.
663 1124 843 1195 Solutioni
864 1122 949 1194 kalii
969 1122 1154 1195 carbonici
1174 1122 1365 1195 immixtus
1391 1124 1462 1195 sub
1483 1122 1585 1195 effer-

393 1248 583 1321 vescentia
602 1249 765 1321 solvitur.
1544 1330 1549 1342 ¹

499 1376 625 1450 Pulvis
642 1377 732 1449 salis
748 1398 833 1450 cum
852 1398 952 1468 aqua
972 1378 1159 1449 destillata
1173 1383 1388 1473 quassatus,
1405 1378 1584 1469 liquorem

391 1506 578 1596 praebeat,
606 1506 669 1596 qui
694 1505 854 1577 filtratus
874 1526 943 1576 nec
964 1527 1063 1597 aqua
1087 1504 1584 1595 byd1·osullluata,necam-

390 1631 517 1704 monio
548 1632 741 1721 sulfurato,
771 1654 850 1721 nec,
879 1634 986 1705 acido
1010 1632 1141 1705 uitrico
1173 1632 1287 1704 diluto
1307 1633 1445 1721 addito,
1470 1634 1584 1725 baryo

389 1759 519 1832 uitrico
541 1764 711 1846 mutetur,
732 1765 885 1851 argento
906 1760 1035 1832 uitrico
1057 1760 1316 1833 tantummodo
1330 1760 1460 1833 leviter
1493 1783 1582 1854 opa-

390 1886 518 1959 lescat.
539 1887 633 1959 Cum
651 1888 750 1959 lralio
770 1886 1054 1979 hydrooxydato
1075 1888 1275 1961 calefactus
1291 1889 1520 1961 ammoniam
1537 1910 1585 1961 ne

391 2015 544 2086 emittat.
1352 2016 1354 2021 ’

498 2139 738 2213 Electus-rium
758 2143 948 2214 lenllimma
972 2142 1103 2239 Species
1122 2144 1278 2215 lacerates
1298 2142 1348 2215 St.
1376 2140 1555 2214 Gerasam.

578 2537 790 2648 llallum
817 2539 1393 2683 hypermangonioum.

499 2783 670 2874 Crystalli
689 2784 939 2877 prismaticae,
960 2784 1094 2856 coloris
1114 2784 1262 2857 intense
1277 2783 1444 2872 violacei,
1459 2784 1604 2866 metat,

389 2912 457 2983 lice
484 2910 737 3003 splendentes
763 2913 910 3004 saporis
934 2934 1068 3004 pamm
1092 2912 1370 3003 adstringentis
1399 2913 1437 2984 in
1468 2932 1588 3003 aquae

389 3040 557 3131 partibus
578 3037 743 3111 sedecim
759 3040 1108 3125 circitersolubiles;
1130 3040 1266 3112 solutio
1278 3060 1434 3131 aquosa,
1452 3039 1587 3112 coloris

390 3194 409 3240 c
448 3167 617 3241 caeruleo
651 3168 763 3256 rubri,
791 3168 903 3240 variis
942 3168 1164 3240 substantiis
1205 3173 1241 3240 et
1274 3167 1517 3241 mineralibus
1551 3172 1587 3239 et

390 3296 586 3387 organicis,
644 3296 815 3387 oxygonii
862 3295 1127 3388 appetentibus
1167 3296 1460 3389 decomponitur,
1500 3296 1587 3367 hinc

391 3424 576 3495 solutione
606 3422 691 3495 ferri
720 3423 895 3510 sullmici,
930 3422 1075 3514 adjecto
1110 3423 1217 3495 acido
1252 3422 1427 3495 sullurico
1457 3422 1586 3511 diluto,

390 3552 633 3623 decoloratur.
654 3550 758 3622 Kalio
770 3550 1055 3641 hydrooxydato
1077 3552 1256 3622 calefacta
1272 3551 1374 3622 color
1389 3550 1586 3623 solutionis

391 3680 428 3751 iu
449 3678 603 3750 viridem
622 3683 796 3751 mutetur.

501 3804 676 3877 Gramma
692 3806 883 3878 dimidium
899 3807 993 3879 Kalii
1007 3806 1347 3899 hypermanganici,
1364 3826 1449 3877 cunr
1465 3826 1584 3896 gram-

391 3935 462 4006 mis
489 3933 636 4025 duobus
657 3934 809 4025 spiritus
837 3934 912 4007 vini
938 3935 1164 4006 concentrati
1199 3938 1234 4004 ct
1266 3933 1397 4024 viginti
1422 3932 1586 4023 quinque

391 4082 512 4152 aquae
538 4060 584 4131 ad
620 4061 872 4135 ebullitionem
891 4061 1145 4147 fervefactum,
1176 4062 1354 4132 liltratum
1374 4060 1585 4131 decolorem

390 4189 578 4281 praebeat,
603 4190 704 4279 quod
724 4188 839 4280 barro
860 4190 991 4261 nitrico
1016 4189 1075 4260 vel
1095 4193 1249 4278 argento
1269 4188 1400 4261 uitn'co
1422 4188 1483 4259 vix
1512 4194 1584 4261 tur-

392 4318 508 4405 betur,
543 4339 611 4389 uec
646 4317 752 4388 acido
779 4317 957 4389 sulfurico
978 4321 1217 4389 concontrato
1238 4321 1275 4388 et
1295 4315 1480 4389 solutione
1500 4315 1585 4387 ferri

392 4445 557 4517 sulfurici
576 4444 715 4531 addito,
736 4465 870 4516 zonam
888 4445 1165 4515 rubro-luscam
1186 4444 1367 4515 exhibeat.

502 4572 676 4645 Servetur
694 4594 786 4644 vase
806 4572 945 4663 optime
966 4572 1094 4643 clauso
1114 4571 1185 4643 luci
1205 4570 1395 4663 impervio
