3600 5534
723 481 963 553 -aia-

236 699 374 793 obliqui
393 698 469 773 hilo
488 700 615 777 leviter
629 702 824 793 impressa,
835 706 935 775 testa
948 700 1173 791 laevissima,
1184 700 1311 791 nitida,
1321 700 1439 791 fusca,

237 827 348 919 lenui,
375 826 504 921 rigida,
529 828 754 920 epidarmide
778 828 1048 920 mucilaginoso
1071 827 1264 915 instructa,
1292 826 1378 900 inde
1396 826 1435 900 in

237 976 336 1046 aqua
359 954 524 1028 emollita
541 955 691 1047 lubrica,
717 956 849 1029 nucleo
871 954 996 1030 albido
1016 956 1076 1028 vel
1100 955 1289 1047 subviridi,
1310 954 1434 1047 amylo

237 1087 393 1173 carente,
414 1082 563 1176 saporis
581 1082 681 1155 milis
701 1082 826 1172 oleosi,
846 1082 951 1156 haud
969 1083 1121 1157 rancidi.

344 1208 552 1298 Quotannis
571 1209 803 1284 renovanda.

343 1334 476 1433 Species
494 1335 709 1409 emollientes.

562 1660 751 1771 Samen
776 1661 1105 1803 Myrisbioao.

665 1890 764 1971 Nux
786 1893 1014 1973 moechata.

338 2070 527 2167 Myrulico
534 2070 714 2169 froprous
733 2070 833 2143 vide:
852 2068 982 2144 Mucia.

337 2197 465 2273 Nuclei
484 2197 651 2289 seminia,
670 2200 790 2271 forma
819 2198 917 2271 ovali
936 2203 1001 2271 aut
1020 2198 1259 2291 subglobosa‚
1287 2198 1360 2272 duo
1381 2199 1428 2272 ad

229 2326 298 2400 uia
328 2326 546 2399 centimetra
564 2326 602 2399 in
623 2327 810 2416 diamelm,
840 2326 1051 2418 ponderosi,
1081 2330 1188 2398 extus
1216 2326 1427 2400 reticulato·

230 2450 368 2545 rugosi,
390 2451 563 2543 subfusci,
592 2454 810 2545 plerumque
837 2452 991 2545 pulvere
1021 2452 1105 2525 albo
1135 2452 1316 2544 adspersi,
1346 2454 1429 2526 basi

228 2579 311 2669 hilo,
333 2578 437 2672 apice
457 2578 612 2653 choloza
632 2585 668 2653 et
686 2580 725 2652 in
743 2579 985 2672 partepaullo
997 2579 1122 2653 minus
1133 2600 1300 2652 convexa
1309 2580 1428 2672 raphe

226 2707 372 2779 sulcala
399 2706 580 2796 instructi,
611 2706 796 2780 albumine
817 2706 1056 2799 griseo-albo,
1085 2707 1426 2799 oleoso-larinoso,

226 2833 306 2905 basi
336 2832 580 2925 embryonem
609 2835 840 2922 continente,
869 2834 974 2927 plicis
1004 2834 1243 2907 membranae
1280 2834 1425 2926 integu-

225 2958 339 3032 menti
358 2958 524 3033 internae
545 2962 704 3035 obscure
724 2961 834 3033 fulvis
854 2962 1051 3053 ruminabo,
1072 2961 1198 3035 odoris
1219 2967 1256 3034 ei
1276 2963 1423 3054 saporis

225 3084 355 3159 eximie
375 3087 575 3160 aromatici.

334 3212 461 3287 Nuclei
481 3214 626 3305 mucidi,
642 3215 756 3303 leveS,
773 3216 820 3289 ab
840 3216 991 3287 insectis
1012 3216 1163 3304 corrosi,
1176 3238 1244 3289 nec
1264 3238 1341 3291 non
1357 3219 1421 3291 ob-

223 3338 323 3431 longi
349 3344 386 3413 el
403 3340 574 3432 majores
604 3342 749 3434 saporis
779 3347 816 3415 et
844 3340 969 3414 odoris
1000 3342 1198 3433 debilioris,
1218 3343 1423 3441 Myrisiicoe

213 3466 346 3562 fatuae
366 3468 560 3560 (Houtl.)
580 3470 789 3561 progenies,
809 3469 1032 3561 rejiciantur.

329 3593 438 3693 Aqua
456 3594 652 3670 aromatico
670 3598 874 3693 spirituoso.
906 3595 1148 3671 Eucluorium
1167 3600 1413 3674 aromaticum.

223 3718 383 3819 Spiritus
402 3722 625 3797 orourotiouo.

587 4044 778 4155 Somou
805 4044 1062 4182 (luemus.

336 4249 487 4341 Quercus
524 4250 762 4346 pedunculolo
806 4258 843 4326 ei
885 4252 1037 4344 Quocus
1064 4255 1278 4350 sessilifloro,
1316 4257 1419 4330 vide:

230 4376 350 4452 Coruo
369 4377 530 4469 Quercus.

332 4505 483 4579 Semina
510 4511 658 4580 matura
686 4508 835 4598 siccata,
875 4509 1166 4600 exalbumiuosa,
1197 4516 1372 4583 constant
1400 4534 1419 4583 e

207 4631 497 4725 'cotyletonibus
518 4632 676 4725 duobus
698 4657 810 4727 saepe
832 4636 911 4727 Jam
937 4639 1131 4730 separatis
1161 4638 1332 4731 oblongis
1362 4642 1421 4712 vel

1204 4776 1254 4830 ro*
