3600 5534
678 524 918 596 -141-

194 771 356 838 ramoso
397 769 512 841 saepe
550 746 859 839 purpurascente,
896 741 982 832 pilis
1021 739 1217 832 adpressis
1256 738 1390 811 albidis

193 876 434 968 pubescente,
454 874 502 946 ad
523 871 716 965 geniculus
736 869 838 941 haud
860 867 1015 955 tumide,
1036 867 1134 938 foliis
1154 867 1192 970 in
1211 866 1389 959 petiolum

194 1002 407 1089 attenuatis,
429 1001 562 1086 ovatis,
587 995 892 1088 ovato-oblongis
913 1000 978 1066 ant
1006 994 1236 1080 lanceolatis
1257 1013 1389 1086 grosse

193 1128 363 1219 serratiS,
393 1129 568 1220 utrinqne
598 1125 757 1198 molliter
781 1123 922 1215 pilosis,
951 1123 1047 1195 laeto
1076 1122 1135 1193 vel
1160 1120 1389 1192 flavescenti-

191 1257 386 1344 viridibus,
433 1255 539 1328 venis
577 1254 711 1326 subtus
749 1250 1046 1343 prominentibus
1093 1247 1236 1336 albidis,
1275 1269 1390 1339 snpra
1467 1257 1473 1265 ’

192 1384 393 1478 depressis,
412 1383 565 1455 floribus
586 1382 625 1453 in
644 1377 912 1452 verticillastris
932 1378 1028 1450 infra
1048 1376 1209 1462 remotis
1227 1395 1389 1467 superne

193 1511 462 1604 approximatis
478 1511 609 1601 'calyce
632 1503 981 1600 quinque-dentato,
1011 1504 1184 1577 dentibus
1206 1502 1389 1575 subulatis

193 1637 574 1731 subspinescentibus
597 1633 986 1726 glanduloso-pilosiS,
1013 1632 1154 1704 corolla
1179 1631 1388 1722 quadruplo

193 1767 318 1858 calyce
344 1765 524 1856 longiore,
555 1763 791 1850 ochroleuca,
824 1761 924 1833 labio
962 1759 1131 1832 inferiore
1169 1758 1267 1846 albo,
1305 1757 1389 1830 basi

193 1894 341 1966 macula
359 1893 524 1966 sulfurea
543 1896 689 1965 ornato.

300 2056 353 2128 Ne
387 2056 598 2129 confundas
633 2074 718 2126 cum
756 2052 872 2125 herba
920 2049 1139 2145 Gulmpstdis
1179 2049 1389 2120 versicolor-ts

193 2185 351 2276 (Curti,
372 2184 521 2276 plantae
547 2179 870 2273 frequentissimae
890 2179 928 2251 in
947 2179 1084 2250 nostris
1099 2177 1271 2266 dumetis,
1291 2176 1387 2248 lucis

194 2317 230 2385 et
254 2311 483 2396 nemoribus,
514 2309 619 2381 caule
649 2307 696 2380 ad
726 2305 917 2398 geniculus
936 2306 1092 2392 tumido,
1121 2309 1261 2391 setoso,
1287 2302 1387 2375 loliis

192 2440 301 2530 longe
326 2435 525 2530 petiolatis‚
556 2435 687 2522 ovatis,
716 2434 880 2520 hirsutis
911 2434 1059 2506 corollis
1089 2430 1387 2517 florido-albidis,

193 2565 290 2637 labio
310 2565 482 2638 interiore
502 2564 613 2650 luteo,
633 2561 782 2633 macula
801 2562 927 2654 ampla
946 2560 1112 2632 violacea
1131 2560 1288 2652 signato.

513 3028 697 3138 llorbo
720 3028 1059 3136 llerniariae.

291 3253 495 3342 'Herniario
514 3253 638 3349 plolru
658 3253 782 3325 Linn.
809 3258 846 3325 et
864 3251 1063 3323 Herniorto
1081 3251 1218 3322 hirsuto
1238 3251 1384 3340 Linn,

190 3383 339 3474 plantae
359 3401 542 3473 perennes
564 3387 628 3453 aut
647 3381 816 3468 biennes
832 3380 870 3451 in
885 3381 1052 3452 arenosis
1072 3379 1222 3471 pascuis
1238 3379 1386 3452 arvisve

190 3511 411 3602 frequentes
439 3507 757 3606 Corpoplpltoccoe.

295 3671 420 3745 Herba
439 3671 588 3760 siccata,
618 3671 786 3744 caulibus
815 3672 910 3744 laxis
929 3673 1172 3761 filiformibus
1192 3672 1383 3759 teretibus

190 3799 361 3886 ramosis
381 3799 496 3872 ramis
517 3799 680 3887 alternis,
700 3799 863 3872 breviter
887 3799 1100 3888 ramulosiS,
1125 3799 1222 3872 foliis
1246 3797 1385 3891 parvis

189 3926 466 4016 subsessilibus
494 3925 673 4017 oblongis,
701 3926 822 3999 ovatis
843 3933 909 3999 aut
928 3928 1107 4015 oberans,
1128 3925 1385 4018 integerrimis,

190 4052 422 4126 inferioribus
470 4053 673 4146 oppositis
721 4054 974 4143 superioribus
1021 4055 1189 4140 alterniS,
1236 4053 1384 4146 stipulis

190 4181 318 4268 uratia,
330 4179 516 4270 scariosis,
533 4180 677 4268 albidis,
690 4179 843 4254 lloribns
860 4181 1012 4272 exiguis
1034 4180 1384 4254 flavescenti-viridi-

190 4307 270 4396 bus,
281 4308 319 4379 in
330 4308 585 4399 glommerulis
597 4309 717 4384 multi·
733 4314 798 4380 aut
809 4309 1022 4398 paucillon's
1034 4308 1259 4396 axillaribus,
1271 4329 1383 4400 saepe

189 4437 307 4506 toturn
343 4435 532 4508 ramulum
570 4435 858 4527 occupantibus
896 4435 997 4507 unde
1035 4435 1160 4526 spicas
1199 4435 1383 4526 oblongas

190 4559 339 4634 foliosas
366 4560 538 4633 referunt.
569 4558 672 4633 Odor
699 4561 859 4635 recentis
886 4562 1026 4635 herbae
1052 4562 1196 4648 nulluS,
1223 4560 1383 4634 siccatae

190 4688 338 4777 paulum
361 4687 491 4760 similis
511 4688 652 4760 herbae
673 4687 834 4761 Mellloti.
