3600 5534
908 528 1150 602 -172-

719 740 955 849 bitlrium
983 739 1346 856 curbonicum.

534 928 664 1002 Pulvis
696 929 815 1019 albus,
850 929 1091 1003 candefactus
1129 928 1352 1021 liquescens
1390 924 1624 1017 inpartibus

432 1057 507 1129 150
528 1078 649 1149 aquae
669 1058 858 1149 solubilis;
879 1060 1015 1133 solutio
1037 1064 1094 1133 est
1112 1057 1313 1131 reactionis
1334 1054 1525 1127 alcalinae.

535 1184 653 1258 Acido
663 1186 948 1277 hydrochlorico
957 1187 1152 1260 dilutosub
1164 1182 1441 1258 effervescentia
1451 1180 1623 1265 solvitur;

427 1312 564 1385 solutio
585 1313 632 1384 ad
651 1312 793 1386 siccum
812 1320 1027 1407 evaporata,
1047 1314 1240 1385 residuum
1259 1310 1415 1404 praebet
1433 1310 1472 1381 in
1491 1308 1624 1401 spiritu

427 1440 504 1512 vini
524 1447 561 1512 et
580 1441 730 1513 aethere
750 1442 856 1514 facile
877 1449 915 1516 et
929 1444 1087 1535 perfecte
1102 1440 1272 1514 solubile.
1293 1438 1421 1511 Pulvis
1442 1437 1520 1509 sive
1541 1434 1624 1527 ejus

428 1568 564 1640 solutio
583 1569 756 1641 flammae
777 1570 940 1642 colorem
961 1572 1178 1643 coccineum
1197 1567 1369 1661 impertit

537 1697 681 1769 Solutio
702 1719 858 1790 aquosa,
886 1700 991 1771 acido
1021 1699 1152 1772 nitrico
1183 1697 1379 1783 addulam,
1409 1714 1478 1767 nec
1506 1695 1623 1784 baryo

428 1825 570 1914 uitrico,
589 1845 660 1897 nec
689 1832 845 1917 argento
873 1827 1017 1917 nitrico²
1047 1846 1169 1917 neque
1195 1823 1385 1897 ammonia
1405 1822 1622 1894 abundante

429 1952 566 2043 addita,
583 1954 774 2026 ammonio
795 1954 980 2027 sulfurato
996 1958 1061 2027 aut
1072 1953 1262 2025 ammonio
1282 1951 1426 2024 oxalico
1441 1950 1621 2022 turbetur.

841 2203 1213 2346 bycopodium.

535 2389 772 2488 Ispmpodium
800 2392 971 2465 elocatum
999 2394 1135 2484 Linn.‚
1169 2393 1364 2465 fruticulus
1392 2410 1547 2484 mpetu,
1585 2388 1625 2461 in

427 2518 532 2590 silvis
550 2520 739 2592 montanis
760 2541 946 2594 crescens.
975 2520 1261 2616 chopodioceuc.

536 2646 677 2739 Sporae
698 2668 718 2720 e
738 2649 852 2741 spicis
881 2650 1076 2721 fructiferis
1105 2649 1260 2720 maturis
1289 2666 1470 2720 excussae
1500 2650 1536 2719 et
1559 2664 1626 2737 per

428 2774 589 2847 cribrum
608 2776 793 2866 trajectae,
814 2777 954 2850 sistunt
963 2778 1155 2869 pulverem
1166 2776 1462 2864 subtilissimum,
1488 2773 1625 2866 pallide

428 2901 581 2993 flavum,
594 2904 756 2977 maxime
768 2905 959 2993 mobilem,
974 2910 1076 2977 tactu
1091 2904 1259 2993 mollem,
1280 2904 1401 2995 digitis
1420 2902 1623 2975 adbaeren-

427 3033 513 3118 tem,
532 3029 706 3119 flammae
726 3032 941 3125 inspersum
960 3032 1148 3105 celerrime
1169 3053 1255 3104 cum
1273 3031 1441 3124 strepitu,
1461 3030 1627 3103 fulminis

430 3156 557 3245 instar,
583 3158 664 3230 sine
693 3159 795 3232 fumo
825 3161 1108 3251 dessagrautem,
1147 3160 1275 3233 odoris
1306 3159 1533 3253 saporisque
1564 3179 1624 3230 ex·
1768 3190 1769 3253 4

429 3290 582 3375 pectem,
611 3292 849 3359 constantem
868 3308 888 3359 e
909 3287 1050 3361 cellulis
1069 3288 1341 3375 minutissimis
1372 3286 1629 3378 magnitudine
1768 3282 1769 3295 ³

430 3413 550 3485 butt
586 3414 633 3488 ad
666 3416 785 3488 oum
819 3415 1037 3505 millimetri‚
1066 3400 1488 3508 tetrae'dro-sphaericis
1517 3436 1625 3507 pyra·

431 3539 552 3615 mides
582 3543 843 3617 exhibentibus
871 3544 1047 3636 trigenas,
1081 3545 1164 3617 basi
1198 3544 1306 3617 valde
1340 3563 1511 3618 convexa
1542 3544 1625 3617 reti-

433 3669 769 3763 culato-costatus
798 3693 959 3765 quarum
988 3672 1114 3763 anguli
1142 3671 1315 3747 laterales
1345 3672 1449 3766 apice
1484 3672 1524 3744 in
1552 3676 1628 3744 tres

435 3801 587 3870 suturas
616 3802 828 3871 excurrunt.

542 3924 636 3998 Cum
674 3947 774 4019 aqua
811 3933 877 3999 aut
920 3926 1184 4001 chloroformio
1223 3932 1523 4021 conquassatum
1560 3928 1628 4018 Ly·
1715 4008 1718 4016 ,

434 4051 635 4143 copodium
654 4053 860 4146 superficiei
879 4053 1035 4144 innatat,
1060 4074 1182 4146 neque
1203 4055 1410 4148 quidquam
1428 4055 1466 4127 in
1485 4054 1629 4147 liquore

433 4177 518 4270 ipso
546 4179 735 4272 relinquit;
774 4180 812 4253 in
842 4201 943 4273 aqua
971 4183 1118 4253 coctum
1152 4181 1342 4274 demergit.
1390 4180 1521 4254 Partes
1549 4180 1629 4271 ejus
1767 4184 1768 4249 i

435 4312 585 4378 centum
604 4309 822 4381 combustae
841 4308 967 4381 minus
997 4330 1113 4401 quam
1144 4314 1270 4401 partes
1305 4310 1469 4403 quinque
1496 4309 1629 4383 cineris

435 4434 660 4526 relinquant.

544 4562 638 4634 Sita
658 4563 868 4654 quisquiliis
898 4568 935 4635 et
954 4584 1068 4636 arena
1100 4564 1270 4655 liberum,
1295 4585 1366 4638 nec
1393 4564 1630 4657 inquinatum

434 4688 571 4781 polline
586 4690 767 4781 pinorum,
788 4692 991 4765 saturatius
1012 4693 1120 4779 flare,
1141 4692 1211 4764 sub
1228 4692 1350 4785 digitis
1370 4692 1453 4764 trito
1475 4692 1628 4766 terebin-
