3600 5534
807 504 1050 576 -260—

428 722 522 795 Cum
550 721 698 814 aequali
716 724 882 815 pondere
904 722 1056 815 spiritus
1076 721 1150 794 vini
1171 722 1400 795 concentrati
1420 720 1521 795 solu·

319 851 459 922 tionem
478 850 666 941 praebeat,
687 871 782 941 quae
800 850 938 926 liltrata
952 854 990 922 et
1004 855 1205 942 evaporata
1218 870 1385 922 massam
1400 850 1523 922 lusco-

320 978 598 1065 llavescentem,
628 977 863 1069 pellucidam,
894 979 932 1051 in
961 978 1112 1051 aethere
1142 977 1295 1070 limpide
1325 977 1522 1050 solubilem

319 1105 515 1198 relinquat.

427 1233 639 1325 Antequam
652 1233 885 1322 adhiheatur,
900 1234 939 1305 in
952 1233 1118 1327 pondere
1129 1254 1199 1307 suo
1215 1233 1368 1307 dimidio
1379 1233 1523 1307 benzoli

321 1360 478 1447 solutus,
500 1359 675 1432 filtrando
696 1364 732 1433 et
752 1361 990 1452 evaporando
1011 1361 1252 1452 deputandus
1274 1366 1341 1433 est.

645 1644 844 1754 Sucous
870 1647 1204 1787 hiquirltiae.

430 1852 645 1925 Extractum
666 1874 685 1925 e
704 1852 828 1925 radice
844 1852 1057 1944 Liquiritiae
1077 1852 1200 1925 scissa
1221 1852 1418 1944 coquendo
1439 1872 1525 1925 cum

322 2002 430 2071 aqua,
464 1979 706 2073 exprimendo
741 1984 777 2052 et
811 1980 1049 2071 evaporando
1078 1984 1260 2072 paratum,
1299 1980 1458 2053 occurrit
1484 1979 1524 2052 in

323 2106 464 2178 bacillis
486 2107 710 2197 cylindriciS,
739 2107 885 2180 circiter
911 2107 1123 2199 quindecim
1147 2108 1365 2180 centimetra
1384 2107 1524 2198 longis,

322 2256 438 2307 unum
458 2239 495 2307 et
514 2234 708 2308 dimidium
739 2234 788 2307 ad
817 2235 891 2308 duo
912 2234 1130 2308 centimetra
1157 2234 1307 2322 crassis
1327 2234 1524 2327 superficie

321 2361 500 2451 lecvthus,
519 2362 645 2453 nigris
666 2363 782 2450 duris,
802 2362 869 2435 sed
885 2362 1009 2435 calore
1024 2362 1340 2450 mollescentibuS,
1363 2362 1527 2435 fractura

321 2490 396 2561 late
417 2490 621 2581 conchatis,
634 2490 850 2577 nitentibus
865 2490 905 2562 in
918 2489 1135 2580 fragmentis
1150 2489 1325 2563 tenuibus
1341 2488 1526 2581 semi-pel·

322 2617 466 2708 lucidis,
481 2618 606 2707 luscis
622 2618 748 2690 odoris
763 2616 973 2709 peculiaris,
990 2617 1135 2710 saporis
1151 2617 1314 2691 suaviter
1327 2615 1524 2708 perdulcis.

430 2744 559 2817 Partes
584 2749 734 2816 centurn
753 2744 898 2831 mercis
919 2766 1017 2836 aqua
1032 2743 1195 2817 calorem
1212 2745 1286 2819 50Ο
1314 2764 1391 2816 non
1412 2764 1522 2836 supe·

322 2877 427 2945 rante
445 2872 659 2957 exhaustae,
680 2893 726 2943 ne
751 2870 962 2963 relinquant
980 2872 1065 2963 plus
1086 2893 1199 2963 quam
1219 2871 1346 2962 viginti
1361 2870 1524 2963 quinque

322 3006 459 3093 partes.
490 2998 543 3071 Ne
564 3000 613 3071 sit
631 2999 824 3090 inquinata
842 3000 961 3073 farina
982 3000 1191 3087 cerealium,
1211 2998 1335 3089 amylo
1355 3004 1420 3071 aut
1439 2998 1525 3070 dex·

324 3128 431 3215 trino,
453 3126 705 3219 exploratione
721 3126 990 3219 microscopica
1003 3127 1110 3199 facile
1126 3125 1403 3220 dignoscendis.

431 3254 491 3327 Ad
506 3276 619 3327 usum
633 3255 975 3346 pharmaceuticum
990 3249 1124 3329 Suetus
1141 3250 1350 3352 hlqutritlae
1366 3247 1525 3352 depura-

324 3385 437 3476 tus,e
467 3382 588 3455 venali
618 3382 800 3455 solvendo
820 3383 859 3454 in
887 3402 987 3473 aqua
1016 3381 1157 3473 frigida,
1186 3380 1361 3453 filtrando
1382 3385 1420 3452 et
1439 3401 1523 3451 eva·

324 3509 492 3601 porando
512 3514 768 3601 praeparatus
790 3509 1023 3583 adhiheatur.

433 3635 546 3709 Postu
574 3632 793 3731 Liquirc'ta'uc
808 3637 913 3730 flaua.

640 3920 825 4030 Sullhr
862 3924 1205 4067 depuratum.

711 4115 851 4195 Floras
873 4115 1035 4194 sulfuris
1057 4118 1139 4195 loti.

325 4272 424 4366 Rpe:
461 4269 619 4349 Sulluctu
638 4270 822 4350 sublimati
878 4282 1081 4372 prummcto
1101 4282 1235 4347 curtum
1452 4276 1525 4347 100

326 4405 473 4473 contere
493 4422 578 4473 cum

461 4524 582 4625 Aquae
603 4524 813 4606 destillans
866 4532 1038 4628 prammis
1057 4532 1281 4629 septuopc'ntd
1475 4531 1525 4603 70

464 4653 668 4731 ,lm-cuiae
721 4656 895 4754 promotis
915 4658 1035 4730 demta.
1477 4658 1526 4729 10
