3600 5534
830 564 879 575 —-
916 522 1075 595 296—-

460 740 540 813 Hoc
578 741 722 833 liquore
754 742 945 834 tingantur
982 746 1177 833 segmenta
1214 740 1368 813 chartae
1400 739 1551 813 bibulae

352 868 460 940 albae
480 868 529 941 ad
548 869 758 961 parandam
778 870 949 942 chartam
968 868 1258 961 exploratoriam
1277 866 1497 941 caeruleam.

460 996 519 1068 Ad
557 996 730 1069 chartam
777 997 1070 1090 exploratoriam
1116 996 1270 1069 rubram
1317 993 1552 1067 efficiendam

352 1122 529 1195 solutioni
550 1125 676 1196 laccae
697 1125 815 1198 musci
834 1124 995 1198 addatur
1022 1123 1117 1197 acidi
1141 1122 1386 1216 phosphorici
1404 1127 1550 1195 tantum

350 1255 394 1323 ut
412 1250 514 1323 color
534 1270 580 1323 ex
600 1252 750 1324 caerulo
769 1252 809 1324 in
827 1253 984 1326 rubrum
1003 1258 1144 1343 vergat.

462 1376 606 1451 Solutio
633 1385 805 1452 servetur
829 1379 867 1452 in
896 1380 1031 1470 lagena
1059 1379 1121 1451 vix
1145 1378 1244 1451 ultra
1272 1377 1467 1451 dimidium
1495 1399 1551 1451 re·

351 1505 491 1597 plenda
511 1509 548 1577 et
567 1504 763 1596 epistomei
782 1505 866 1577 loco
887 1505 1065 1599 gossypio
1085 1505 1169 1578 laxe
1190 1505 1412 1578 obturanda.

353 1718 549 1820 Spiritus
569 1718 676 1802 Vini
697 1720 949 1802 absolutus.

352 1898 569 1985 Stannum
588 1900 814 1983 foliatum.

352 2082 538 2166 Zincum
558 2082 859 2185 granulatum.

644 2410 899 2496 solutiones
920 2408 1258 2495 rolumotricao.

562 2566 715 2646 Solutio
739 2566 1015 2644 acidimetrica
1038 2565 1332 2645 deoinormalis.

648 2726 682 2816 (1
709 2725 765 2797 CC
784 2755 831 2788 =
849 2726 969 2798 0004
988 2746 1081 2817 grm.
1101 2725 1252 2815 NaOH).

492 2903 605 2983 Natrii
624 2904 889 3007 byrlraaryrlati
910 2904 1094 3005 parisslni

762 3041 956 3131 qromrnato
976 3042 1125 3129 quatuor
1143 3042 1173 3107 et
1191 3034 1374 3107 dimidium
1432 3037 1549 3109 4500

350 3161 506 3234 immitte
529 3160 567 3233 in
578 3161 818 3251 cucurbitam,
836 3182 934 3254 quae
949 3162 1203 3235 circumducta
1216 3161 1316 3236 linea
1334 3184 1550 3236 mensuram

350 3288 463 3361 unius
483 3289 588 3362 litrae
608 3296 737 3363 exacte
757 3290 895 3362 indicat
917 3294 953 3362 et
973 3290 1069 3361 adde

489 3414 608 3517 Aquae
630 3414 838 3493 tantillulae
858 3420 1026 3494 exeaetae
1047 3422 1085 3491 et
1098 3415 1147 3494 ael
1161 3417 1443 3517 tenperatarara
1460 3415 1548 3492 sall·

487 3546 559 3619 tana
581 3541 691 3643 (150)
713 3543 954 3643 refrigeratae
1083 3546 1306 3640 quantitatem
1327 3543 1550 3637 sufficientem

352 3676 393 3744 ut
411 3692 595 3744 mensura
614 3670 719 3743 litrae
738 3672 850 3744 unius
870 3672 983 3764 plane
1003 3672 1202 3763 repleatur.

462 3798 615 3887 Salutio,
637 3798 764 3871 sinon
785 3805 888 3872 esset
907 3799 1071 3891 limpida,
1092 3798 1258 3872 filtretur.

462 3925 520 3998 Ad
548 3926 775 3999 solutionem
802 3928 1085 3999 volumetricam
1120 3927 1409 4000 decinormalem
1438 3929 1548 4020 perfi-

355 4052 526 4125 ciendam
547 4053 684 4125 solutio
706 4059 811 4126 tanta
831 4055 1040 4145 quantitate
1057 4074 1179 4145 aquae
1201 4054 1410 4128 destillatae
1431 4055 1548 4128 dilua-

351 4186 422 4267 tur,
439 4184 621 4271 quantum
641 4180 849 4271 requiritur,
870 4186 912 4253 ut
928 4182 1076 4271 singula
1091 4180 1173 4267 ejus
1190 4183 1407 4254 centimetra
1420 4182 1551 4255 cubica

352 4306 653 4398 milligrammata
683 4313 866 4399 quaterna
894 4308 1004 4380 natrii
1024 4308 1296 4400 hydrooxydati
1322 4311 1549 4383 contineant.

461 4434 503 4506 ln
523 4434 624 4506 hunc
643 4434 757 4506 finem
777 4436 978 4508 solutionis
997 4435 1177 4507 alcalinae
1203 4436 1432 4511 centimetris
1452 4438 1551 4510 cubi-

353 4563 405 4635 cis
435 4562 561 4653 viginti
596 4584 683 4634 cum
719 4563 830 4655 guttis
866 4564 1008 4655 aliquot
1044 4561 1240 4636 solutionis
1274 4564 1401 4637 laccae
1429 4565 1550 4639 musci

352 4690 475 4761 colore
522 4690 695 4762 caeruleo
732 4690 856 4761 tinctis
892 4690 1089 4763 instilletur
1125 4712 1170 4763 ex
1208 4690 1299 4762 tubo
1334 4697 1548 4765 mensurato
