3600 5534
889 523 1098 598 -92-

506 744 673 817 Residuo
694 745 818 817 denuo
839 741 989 816 affunde
1009 743 1212 815 mixturam
1232 759 1278 813 ex

533 868 698 948 lotheris

396 1007 433 1072 et
533 1103 688 1205 Spiritus
704 1105 780 1181 thu
801 1107 1023 1184 consentiati
1045 1107 1093 1178 a'a
1109 1108 1279 1203 quatientis
1297 1107 1458 1178 ducentis
1513 1108 1591 1180 000

395 1242 582 1330 paratam
592 1237 764 1328 hancque
776 1237 1032 1328 operationem
1047 1240 1196 1327 repetas
1212 1236 1331 1308 donee
1346 1235 1470 1328 liquor
1480 1237 1591 1327 plane

396 1366 545 1438 decolor
565 1365 770 1438 defluxerit.

504 1491 536 1563 Α
556 1492 763 1583 liquoribus
786 1491 949 1564 obtentis
961 1490 1105 1563 etinte'r
1120 1512 1160 1562 se
1177 1491 1387 1563 commixtis
1402 1490 1592 1564 aetherem

399 1624 435 1690 et
470 1617 643 1710 spiritum
678 1617 753 1689 vini
788 1616 1017 1689 destillando
1050 1616 1226 1690 abstrahe
1257 1622 1294 1688 et
1326 1616 1521 1689 residuum
1553 1617 1593 1688 in

393 1746 529 1818 balneo
551 1766 672 1838 aquae
693 1746 731 1817 in
752 1750 961 1818 extractum
980 1751 1091 1818 tenue
1111 1745 1285 1838 inspissa.

503 1874 599 1946 Ante
620 1874 944 1966 dispensationem
964 1895 1190 1966 eonquassa.

421 2164 929 2275 machaerum
964 2162 1253 2273 Micia
1289 2161 1573 2273 marta.

393 2347 493 2439 Rpe:
529 2344 671 2422 balteis
692 2343 810 2422 lilius
830 2345 1105 2423 tortormentis
1118 2344 1491 2442 undeuusiomtno

559 2479 595 2552 et
613 2497 740 2574 grosse
761 2471 975 2574 polleantne

936 2610 1136 2699 yrooaemutu
1155 2602 1302 2675 ducenta
1511 2603 1590 2675 000

351 2735 355 2742 “
501 2729 630 2821 lugere
651 2729 691 2802 in
710 2738 934 2823 apparatum
954 2731 1208 2823 depulsorium
1228 2737 1264 2803 et
1283 2731 1434 2804 affimde

530 2854 693 2932 lotheris
938 2866 1140 2954 quammulti
1159 2857 1416 2954 quudriuyeuta
1509 2859 1590 2930 400

394 2991 577 3078 apparatu
597 2985 726 3057 clauso
745 3004 898 3058 macera
917 3008 983 3078 per
1003 2986 1170 3059 biduum.

501 3114 659 3206 Liquore
681 3113 829 3186 defluam
850 3115 973 3187 denuo
994 3114 1143 3187 affunde
1164 3115 1303 3187 iteratis
1323 3113 1467 3186 visibus

528 3237 693 3316 Aetheris
936 3264 964 3312 s.
986 3267 1031 3337 q„

395 3370 515 3442 donee
532 3367 655 3460 liquor
675 3367 826 3441 decolor
846 3369 1050 3442 defluxerit.

502 3494 534 3566 A
580 3495 787 3588 liquoribus
836 3497 1045 3569 commixtis
1088 3495 1280 3569 aetherem
1336 3495 1586 3569 destillatione

396 3622 573 3697 abstrahe
594 3629 631 3696 et
650 3623 845 3694 residuum
866 3623 939 3696 leni
969 3623 1091 3696 ealore
1111 3624 1150 3696 in
1171 3624 1306 3697 balneo
1328 3643 1450 3714 aquae
1470 3621 1509 3693 in
1527 3642 1588 3693 ex-

393 3755 554 3823 tractum
574 3755 685 3822 tenue
705 3749 880 3842 inspissa.

504 3877 704 3950 Misceatur
724 3883 809 3949 ante
831 3878 1160 3970 dispensationem.

656 4125 969 4234 liutraotum
996 4126 1311 4236 Gentianae.

392 4311 490 4404 Rpe:
527 4308 672 4387 lladlais
694 4309 887 4390 Gentianae
910 4311 1070 4391 nintiu
1092 4314 1260 4390 sonuisse

934 4449 1134 4536 erammutu
1155 4443 1341 4540 quinqeutu
1508 4446 1584 4518 500

526 4565 646 4668 Aquae
666 4566 873 4645 destlllatae
894 4566 1049 4668 trigidae

932 4702 1169 4791 yrammutum
1190 4697 1262 4769 tria
1281 4698 1404 4771 millio.
1480 4678 1582 4773 3000
