<?xml version="1.0" encoding="UTF-8"?>
<!DOCTYPE html PUBLIC "-//W3C//DTD XHTML 1.0 Transitional//EN"
    "http://www.w3.org/TR/xhtml1/DTD/xhtml1-transitional.dtd">
<html xmlns="http://www.w3.org/1999/xhtml" xml:lang="en" lang="en">
 <head>
  <title>
</title>
<meta http-equiv="Content-Type" content="text/html;charset=utf-8" />
  <meta name='ocr-system' content='tesseract 3.04.00' />
  <meta name='ocr-capabilities' content='ocr_page ocr_carea ocr_par ocr_line ocrx_word'/>
</head>
<body>
  <div class='ocr_page' id='page_1' title='image "./pharmacopoeaaus01unkngoog_0135.png"; bbox 0 0 3600 5534; ppageno 0'>
   <div class='ocr_carea' id='block_1_1' title="bbox 717 532 927 607">
    <p class='ocr_par' dir='ltr' id='par_1_1' title="bbox 717 532 927 607">
     <span class='ocr_line' id='line_1_1' title="bbox 717 532 927 607; baseline 0.005 -1"><span class='ocrx_word' id='word_1_1' title='bbox 717 532 927 607; x_wconf 81' lang='lat'>-105-</span> 
     </span>
    </p>
   </div>
   <div class='ocr_carea' id='block_1_2' title="bbox 221 748 1421 1739">
    <p class='ocr_par' dir='ltr' id='par_1_2' title="bbox 221 748 1421 1481">
     <span class='ocr_line' id='line_1_2' title="bbox 332 748 1421 844; baseline -0.004 -18"><span class='ocrx_word' id='word_1_2' title='bbox 332 750 371 826; x_wconf 87' lang='lat' dir='ltr'>Si</span> <span class='ocrx_word' id='word_1_3' title='bbox 391 751 681 844; x_wconf 82' lang='lat' dir='ltr'>decigrammata</span> <span class='ocrx_word' id='word_1_4' title='bbox 718 752 792 825; x_wconf 88' lang='lat' dir='ltr'>duo</span> <span class='ocrx_word' id='word_1_5' title='bbox 831 751 910 844; x_wconf 65' lang='lat' dir='ltr'>(oi</span> <span class='ocrx_word' id='word_1_6' title='bbox 942 751 1058 841; x_wconf 80' lang='lat' dir='ltr'>Grm.)</span> <span class='ocrx_word' id='word_1_7' title='bbox 1078 748 1180 822; x_wconf 81' lang='lat' dir='ltr'>Ferri</span> <span class='ocrx_word' id='word_1_8' title='bbox 1202 749 1346 823; x_wconf 89' lang='lat' dir='ltr'>reducti</span> <span class='ocrx_word' id='word_1_9' title='bbox 1382 748 1421 823; x_wconf 93' lang='lat' dir='ltr'>in</span> 
     </span>
     <span class='ocr_line' id='line_1_3' title="bbox 221 877 1418 973; baseline -0.001 -21"><span class='ocrx_word' id='word_1_10' title='bbox 221 880 463 968; x_wconf 84' lang='lat' dir='ltr'>cucurbitula,</span> <span class='ocrx_word' id='word_1_11' title='bbox 483 901 580 972; x_wconf 84' lang='lat' dir='ltr'>quae</span> <span class='ocrx_word' id='word_1_12' title='bbox 599 879 707 952; x_wconf 89' lang='lat' dir='ltr'>acido</span> <span class='ocrx_word' id='word_1_13' title='bbox 728 879 927 952; x_wconf 86' lang='lat' dir='ltr'>carbonico</span> <span class='ocrx_word' id='word_1_14' title='bbox 937 879 1082 973; x_wconf 90' lang='lat' dir='ltr'>repleta</span> <span class='ocrx_word' id='word_1_15' title='bbox 1096 883 1164 963; x_wconf 88' lang='lat' dir='ltr'>est,</span> <span class='ocrx_word' id='word_1_16' title='bbox 1176 877 1282 950; x_wconf 90' lang='lat' dir='ltr'>acido</span> <span class='ocrx_word' id='word_1_17' title='bbox 1302 878 1418 951; x_wconf 86' lang='lat' dir='ltr'>suliu-</span> 
     </span>
     <span class='ocr_line' id='line_1_4' title="bbox 221 1005 1420 1095; baseline -0.002 -16"><span class='ocrx_word' id='word_1_18' title='bbox 221 1007 296 1079; x_wconf 88' lang='lat' dir='ltr'>rico</span> <span class='ocrx_word' id='word_1_19' title='bbox 318 1007 435 1080; x_wconf 91' lang='lat' dir='ltr'>diluto</span> <span class='ocrx_word' id='word_1_20' title='bbox 462 1005 714 1079; x_wconf 86' lang='lat' dir='ltr'>calefaciendo</span> <span class='ocrx_word' id='word_1_21' title='bbox 740 1007 948 1095; x_wconf 86' lang='lat' dir='ltr'>solvuntur,</span> <span class='ocrx_word' id='word_1_22' title='bbox 978 1005 1174 1078; x_wconf 86' lang='lat' dir='ltr'>minimum</span> <span class='ocrx_word' id='word_1_23' title='bbox 1202 1006 1420 1078; x_wconf 90' lang='lat' dir='ltr'>centimetra</span> 
     </span>
     <span class='ocr_line' id='line_1_5' title="bbox 222 1131 1418 1226; baseline -0.003 -20"><span class='ocrx_word' id='word_1_24' title='bbox 222 1134 352 1206; x_wconf 89' lang='lat' dir='ltr'>cubica</span> <span class='ocrx_word' id='word_1_25' title='bbox 371 1133 523 1225; x_wconf 85' lang='lat' dir='ltr'>triginta</span> <span class='ocrx_word' id='word_1_26' title='bbox 543 1133 706 1226; x_wconf 87' lang='lat' dir='ltr'>quinque</span> <span class='ocrx_word' id='word_1_27' title='bbox 727 1139 762 1207; x_wconf 88' lang='lat' dir='ltr'>et</span> <span class='ocrx_word' id='word_1_28' title='bbox 790 1139 866 1208; x_wconf 88' lang='lat' dir='ltr'>tres</span> <span class='ocrx_word' id='word_1_29' title='bbox 887 1134 1050 1206; x_wconf 84' lang='lat' dir='ltr'>decimas</span> <span class='ocrx_word' id='word_1_30' title='bbox 1068 1138 1195 1225; x_wconf 83' lang='lat' dir='ltr'>paries</span> <span class='ocrx_word' id='word_1_31' title='bbox 1216 1131 1418 1224; x_wconf 83' lang='lat' dir='ltr'>(35·3CC.)</span> 
     </span>
     <span class='ocr_line' id='line_1_6' title="bbox 221 1259 1417 1354; baseline -0.001 -21"><span class='ocrx_word' id='word_1_32' title='bbox 221 1261 420 1334; x_wconf 86' lang='lat' dir='ltr'>solutionis</span> <span class='ocrx_word' id='word_1_33' title='bbox 429 1259 1126 1354; x_wconf 83' lang='lat' dir='ltr'>kaliihypermanganicivolumetn&#39;cae</span> <span class='ocrx_word' id='word_1_34' title='bbox 1135 1265 1417 1348; x_wconf 88' lang='lat' dir='ltr'>consumantur,</span> 
     </span>
     <span class='ocr_line' id='line_1_7' title="bbox 222 1387 1302 1481; baseline -0.001 -21"><span class='ocrx_word' id='word_1_35' title='bbox 222 1388 341 1461; x_wconf 88' lang='lat' dir='ltr'>donec</span> <span class='ocrx_word' id='word_1_36' title='bbox 359 1389 482 1481; x_wconf 86' lang='lat' dir='ltr'>liquor</span> <span class='ocrx_word' id='word_1_37' title='bbox 501 1389 665 1461; x_wconf 89' lang='lat' dir='ltr'>colorem</span> <span class='ocrx_word' id='word_1_38' title='bbox 682 1389 836 1462; x_wconf 90' lang='lat' dir='ltr'>rubrum</span> <span class='ocrx_word' id='word_1_39' title='bbox 856 1388 1121 1479; x_wconf 79' lang='lat' dir='ltr'>persistentem</span> <span class='ocrx_word' id='word_1_40' title='bbox 1138 1387 1302 1481; x_wconf 86' lang='lat' dir='ltr'>recipiat.</span> 
     </span>
    </p>

    <p class='ocr_par' dir='ltr' id='par_1_3' title="bbox 221 1513 1419 1739">
     <span class='ocr_line' id='line_1_8' title="bbox 329 1513 1419 1609; baseline -0.003 -20"><span class='ocrx_word' id='word_1_41' title='bbox 329 1515 580 1609; x_wconf 87' lang='lat' dir='ltr'>inapparatu</span> <span class='ocrx_word' id='word_1_42' title='bbox 605 1515 761 1589; x_wconf 88' lang='lat' dir='ltr'>Marshii</span> <span class='ocrx_word' id='word_1_43' title='bbox 787 1517 1043 1589; x_wconf 85' lang='lat' dir='ltr'>examinatum</span> <span class='ocrx_word' id='word_1_44' title='bbox 1070 1514 1231 1606; x_wconf 82' lang='lat' dir='ltr'>vestigia</span> <span class='ocrx_word' id='word_1_45' title='bbox 1257 1513 1419 1586; x_wconf 85' lang='lat' dir='ltr'>arsenici</span> 
     </span>
     <span class='ocr_line' id='line_1_9' title="bbox 221 1644 432 1739; baseline 0.005 -23"><span class='ocrx_word' id='word_1_46' title='bbox 221 1666 267 1717; x_wconf 94' lang='lat' dir='ltr'>ne</span> <span class='ocrx_word' id='word_1_47' title='bbox 286 1644 432 1739; x_wconf 89' lang='lat' dir='ltr'>prodat.</span> 
     </span>
    </p>
   </div>
   <div class='ocr_carea' id='block_1_3' title="bbox 219 2073 1414 2216">
    <p class='ocr_par' dir='ltr' id='par_1_4' title="bbox 219 2073 1414 2216">
     <span class='ocr_line' id='line_1_10' title="bbox 219 2073 1414 2216; baseline -0.002 -34"><span class='ocrx_word' id='word_1_48' title='bbox 219 2073 442 2182; x_wconf 83' lang='lat' dir='ltr'>llcrrum</span> <span class='ocrx_word' id='word_1_49' title='bbox 470 2073 1414 2216; x_wconf 82' lang='lat' dir='ltr'>sesquiolrloratunrcrystallisaturn.</span> 
     </span>
    </p>
   </div>
   <div class='ocr_carea' id='block_1_4' title="bbox 218 2330 1414 2430">
    <p class='ocr_par' dir='ltr' id='par_1_5' title="bbox 218 2330 1414 2430">
     <span class='ocr_line' id='line_1_11' title="bbox 218 2330 1414 2430; baseline 0.003 -25"><span class='ocrx_word' id='word_1_50' title='bbox 218 2334 319 2427; x_wconf 85' lang='lat' dir='ltr'>Rpe:</span> <span class='ocrx_word' id='word_1_51' title='bbox 359 2330 455 2409; x_wconf 71' lang='lat' dir='ltr'>terri</span> <span class='ocrx_word' id='word_1_52' title='bbox 476 2333 513 2407; x_wconf 83' lang='lat' dir='ltr'>ln</span> <span class='ocrx_word' id='word_1_53' title='bbox 533 2333 608 2409; x_wconf 83' lang='lat' dir='ltr'>tilis</span> <span class='ocrx_word' id='word_1_54' title='bbox 873 2341 1075 2430; x_wconf 77' lang='lat' dir='ltr'>prammata</span> <span class='ocrx_word' id='word_1_55' title='bbox 1095 2343 1224 2406; x_wconf 72' lang='lat' dir='ltr'>ceritum</span> <span class='ocrx_word' id='word_1_56' title='bbox 1341 2338 1414 2409; x_wconf 87' lang='grc'>100</span> 
     </span>
    </p>
   </div>
   <div class='ocr_carea' id='block_1_5' title="bbox 218 2476 1416 2960">
    <p class='ocr_par' dir='ltr' id='par_1_6' title="bbox 218 2476 1416 2960">
     <span class='ocr_line' id='line_1_12' title="bbox 326 2476 1416 2574; baseline 0.004 -24"><span class='ocrx_word' id='word_1_57' title='bbox 326 2476 485 2552; x_wconf 87' lang='lat' dir='ltr'>Immitte</span> <span class='ocrx_word' id='word_1_58' title='bbox 514 2479 551 2550; x_wconf 92' lang='lat' dir='ltr'>in</span> <span class='ocrx_word' id='word_1_59' title='bbox 583 2479 813 2551; x_wconf 82' lang='lat' dir='ltr'>cucurbitam</span> <span class='ocrx_word' id='word_1_60' title='bbox 851 2480 1008 2552; x_wconf 85' lang='lat' dir='ltr'>vitream</span> <span class='ocrx_word' id='word_1_61' title='bbox 1045 2480 1138 2552; x_wconf 88' lang='lat' dir='ltr'>satis</span> <span class='ocrx_word' id='word_1_62' title='bbox 1177 2502 1355 2574; x_wconf 85' lang='lat' dir='ltr'>capacem</span> <span class='ocrx_word' id='word_1_63' title='bbox 1380 2489 1416 2555; x_wconf 89' lang='lat' dir='ltr'>et</span> 
     </span>
     <span class='ocr_line' id='line_1_13' title="bbox 218 2607 371 2680; baseline 0 -2"><span class='ocrx_word' id='word_1_64' title='bbox 218 2607 371 2680; x_wconf 85' lang='lat' dir='ltr'>affunde</span> 
     </span>
     <span class='ocr_line' id='line_1_14' title="bbox 353 2731 992 2834; baseline 0 -24"><span class='ocrx_word' id='word_1_65' title='bbox 353 2731 453 2810; x_wconf 76' lang='lat' dir='ltr'>lcirli</span> <span class='ocrx_word' id='word_1_66' title='bbox 475 2731 744 2834; x_wconf 77' lang='lat' dir='ltr'>hydroclrlorloi</span> <span class='ocrx_word' id='word_1_67' title='bbox 766 2736 992 2811; x_wconf 76' lang='lat' dir='ltr'>concontrati</span> 
     </span>
     <span class='ocr_line' id='line_1_15' title="bbox 869 2864 1413 2960; baseline 0.006 -26"><span class='ocrx_word' id='word_1_68' title='bbox 869 2871 1071 2960; x_wconf 67' lang='lat' dir='ltr'>praeamata</span> <span class='ocrx_word' id='word_1_69' title='bbox 1090 2864 1279 2960; x_wconf 75' lang='lat' dir='ltr'>quinpcnto</span> <span class='ocrx_word' id='word_1_70' title='bbox 1335 2866 1413 2939; x_wconf 85' lang='lat'>500</span> 
     </span>
    </p>
   </div>
   <div class='ocr_carea' id='block_1_6' title="bbox 353 3003 1482 3112">
    <p class='ocr_par' dir='ltr' id='par_1_7' title="bbox 353 3003 1482 3112">
     <span class='ocr_line' id='line_1_16' title="bbox 353 3003 1482 3112; baseline 0.004 -32"><span class='ocrx_word' id='word_1_71' title='bbox 353 3003 702 3107; x_wconf 72' lang='lat' dir='ltr'>lqnaorlestillatac</span> <span class='ocrx_word' id='word_1_72' title='bbox 864 3015 1066 3103; x_wconf 67' lang='lat' dir='ltr'>proclinata</span> <span class='ocrx_word' id='word_1_73' title='bbox 1085 3010 1186 3082; x_wconf 66' lang='lat' dir='ltr'>mile.</span> <span class='ocrx_word' id='word_1_74' title='bbox 1307 3013 1482 3112; x_wconf 24' lang='lat'>1000·</span> 
     </span>
    </p>
   </div>
   <div class='ocr_carea' id='block_1_7' title="bbox 218 3151 1415 4775">
    <p class='ocr_par' dir='ltr' id='par_1_8' title="bbox 218 3151 1415 3757">
     <span class='ocr_line' id='line_1_17' title="bbox 325 3151 1415 3246; baseline 0.003 -20"><span class='ocrx_word' id='word_1_75' title='bbox 325 3151 528 3226; x_wconf 85' lang='lat' dir='ltr'>Reactione</span> <span class='ocrx_word' id='word_1_76' title='bbox 545 3153 793 3225; x_wconf 85' lang='lat' dir='ltr'>calefaciendo</span> <span class='ocrx_word' id='word_1_77' title='bbox 808 3159 971 3245; x_wconf 88' lang='lat' dir='ltr'>peracta,</span> <span class='ocrx_word' id='word_1_78' title='bbox 987 3152 1026 3227; x_wconf 90' lang='lat' dir='ltr'>iu</span> <span class='ocrx_word' id='word_1_79' title='bbox 1044 3154 1228 3246; x_wconf 86' lang='lat' dir='ltr'>liquorem</span> <span class='ocrx_word' id='word_1_80' title='bbox 1237 3155 1415 3229; x_wconf 87' lang='lat' dir='ltr'>filtratum</span> 
     </span>
     <span class='ocr_line' id='line_1_18' title="bbox 218 3278 1415 3378; baseline 0.004 -27"><span class='ocrx_word' id='word_1_81' title='bbox 218 3278 419 3352; x_wconf 86' lang='lat' dir='ltr'>inducatur</span> <span class='ocrx_word' id='word_1_82' title='bbox 452 3280 622 3353; x_wconf 89' lang='lat' dir='ltr'>chlorum</span> <span class='ocrx_word' id='word_1_83' title='bbox 642 3280 796 3369; x_wconf 89' lang='lat' dir='ltr'>tamdiu,</span> <span class='ocrx_word' id='word_1_84' title='bbox 832 3281 951 3353; x_wconf 89' lang='lat' dir='ltr'>donec</span> <span class='ocrx_word' id='word_1_85' title='bbox 979 3303 1071 3374; x_wconf 88' lang='lat' dir='ltr'>pars</span> <span class='ocrx_word' id='word_1_86' title='bbox 1105 3289 1280 3378; x_wconf 79' lang='lat' dir='ltr'>exempta</span> <span class='ocrx_word' id='word_1_87' title='bbox 1313 3306 1415 3376; x_wconf 90' lang='lat' dir='ltr'>aqua</span> 
     </span>
     <span class='ocr_line' id='line_1_19' title="bbox 218 3407 1413 3500; baseline 0.005 -22"><span class='ocrx_word' id='word_1_88' title='bbox 218 3407 336 3479; x_wconf 90' lang='lat' dir='ltr'>diluta</span> <span class='ocrx_word' id='word_1_89' title='bbox 356 3412 393 3479; x_wconf 87' lang='lat' dir='ltr'>et</span> <span class='ocrx_word' id='word_1_90' title='bbox 412 3407 526 3500; x_wconf 81' lang='lat' dir='ltr'>guttis</span> <span class='ocrx_word' id='word_1_91' title='bbox 545 3408 737 3480; x_wconf 87' lang='lat' dir='ltr'>nonnullis</span> <span class='ocrx_word' id='word_1_92' title='bbox 759 3407 855 3482; x_wconf 86' lang='lat' dir='ltr'>acidi</span> <span class='ocrx_word' id='word_1_93' title='bbox 875 3408 1150 3500; x_wconf 87' lang='lat' dir='ltr'>hydrochlorici</span> <span class='ocrx_word' id='word_1_94' title='bbox 1165 3410 1302 3483; x_wconf 83' lang='lat' dir='ltr'>additis</span> <span class='ocrx_word' id='word_1_95' title='bbox 1318 3412 1413 3484; x_wconf 85' lang='lat' dir='ltr'>cale-</span> 
     </span>
     <span class='ocr_line' id='line_1_20' title="bbox 219 3535 1415 3629; baseline 0.003 -22"><span class='ocrx_word' id='word_1_96' title='bbox 219 3535 327 3625; x_wconf 87' lang='lat' dir='ltr'>facta,</span> <span class='ocrx_word' id='word_1_97' title='bbox 358 3541 464 3626; x_wconf 81' lang='lat' dir='ltr'>gutta</span> <span class='ocrx_word' id='word_1_98' title='bbox 491 3536 687 3610; x_wconf 85' lang='lat' dir='ltr'>solutionis</span> <span class='ocrx_word' id='word_1_99' title='bbox 715 3535 1056 3629; x_wconf 81' lang='lat' dir='ltr'>kalii·ferricyanoti</span> <span class='ocrx_word' id='word_1_100' title='bbox 1081 3536 1226 3628; x_wconf 85' lang='lat' dir='ltr'>adjecta</span> <span class='ocrx_word' id='word_1_101' title='bbox 1252 3539 1415 3612; x_wconf 89' lang='lat' dir='ltr'>colorem</span> 
     </span>
     <span class='ocr_line' id='line_1_21' title="bbox 219 3663 896 3757; baseline 0.003 -23"><span class='ocrx_word' id='word_1_102' title='bbox 219 3663 433 3735; x_wconf 86' lang='lat' dir='ltr'>caeruleum</span> <span class='ocrx_word' id='word_1_103' title='bbox 454 3684 531 3736; x_wconf 92' lang='lat' dir='ltr'>non</span> <span class='ocrx_word' id='word_1_104' title='bbox 552 3664 714 3756; x_wconf 88' lang='lat' dir='ltr'>amplius</span> <span class='ocrx_word' id='word_1_105' title='bbox 733 3664 896 3757; x_wconf 88' lang='lat' dir='ltr'>recipiat.</span> 
     </span>
    </p>

    <p class='ocr_par' dir='ltr' id='par_1_9' title="bbox 219 3791 1414 4374">
     <span class='ocr_line' id='line_1_22' title="bbox 327 3791 1414 3884; baseline -0.001 -20"><span class='ocrx_word' id='word_1_106' title='bbox 327 3791 426 3864; x_wconf 88' lang='lat' dir='ltr'>Tum</span> <span class='ocrx_word' id='word_1_107' title='bbox 445 3791 566 3883; x_wconf 90' lang='lat' dir='ltr'>liquor</span> <span class='ocrx_word' id='word_1_108' title='bbox 584 3793 623 3863; x_wconf 90' lang='lat' dir='ltr'>in</span> <span class='ocrx_word' id='word_1_109' title='bbox 641 3791 777 3864; x_wconf 86' lang='lat' dir='ltr'>balneo</span> <span class='ocrx_word' id='word_1_110' title='bbox 798 3812 919 3883; x_wconf 88' lang='lat' dir='ltr'>aquae</span> <span class='ocrx_word' id='word_1_111' title='bbox 938 3792 977 3863; x_wconf 92' lang='lat' dir='ltr'>in</span> <span class='ocrx_word' id='word_1_112' title='bbox 995 3813 1088 3863; x_wconf 87' lang='lat' dir='ltr'>vase</span> <span class='ocrx_word' id='word_1_113' title='bbox 1107 3792 1346 3884; x_wconf 88' lang='lat' dir='ltr'>porcellaneo</span> <span class='ocrx_word' id='word_1_114' title='bbox 1365 3794 1414 3865; x_wconf 86' lang='lat' dir='ltr'>ad</span> 
     </span>
     <span class='ocr_line' id='line_1_23' title="bbox 219 3918 1413 4012; baseline 0.002 -22"><span class='ocrx_word' id='word_1_115' title='bbox 219 3919 502 3992; x_wconf 87' lang='lat' dir='ltr'>consistentiam</span> <span class='ocrx_word' id='word_1_116' title='bbox 522 3920 650 4012; x_wconf 85' lang='lat' dir='ltr'>syrupi</span> <span class='ocrx_word' id='word_1_117' title='bbox 666 3923 898 4010; x_wconf 81' lang='lat' dir='ltr'>evaporatur,</span> <span class='ocrx_word' id='word_1_118' title='bbox 910 3918 995 3990; x_wconf 92' lang='lat' dir='ltr'>dein</span> <span class='ocrx_word' id='word_1_119' title='bbox 1011 3919 1048 3990; x_wconf 92' lang='lat' dir='ltr'>in</span> <span class='ocrx_word' id='word_1_120' title='bbox 1070 3920 1151 3992; x_wconf 91' lang='lat' dir='ltr'>loco</span> <span class='ocrx_word' id='word_1_121' title='bbox 1170 3919 1303 4010; x_wconf 83' lang='lat' dir='ltr'>frigido</span> <span class='ocrx_word' id='word_1_122' title='bbox 1323 3941 1413 3992; x_wconf 90' lang='lat' dir='ltr'>vase</span> 
     </span>
     <span class='ocr_line' id='line_1_24' title="bbox 219 4045 1412 4139; baseline 0 -21"><span class='ocrx_word' id='word_1_123' title='bbox 219 4052 313 4119; x_wconf 88' lang='lat' dir='ltr'>tecto</span> <span class='ocrx_word' id='word_1_124' title='bbox 334 4046 381 4117; x_wconf 83' lang='lat' dir='ltr'>ad</span> <span class='ocrx_word' id='word_1_125' title='bbox 401 4045 730 4135; x_wconf 84' lang='lat' dir='ltr'>crystallisandum</span> <span class='ocrx_word' id='word_1_126' title='bbox 750 4050 966 4139; x_wconf 87' lang='lat' dir='ltr'>seponatur.</span> <span class='ocrx_word' id='word_1_127' title='bbox 982 4045 1151 4118; x_wconf 83' lang='lat' dir='ltr'>Massam</span> <span class='ocrx_word' id='word_1_128' title='bbox 1161 4047 1200 4119; x_wconf 90' lang='lat' dir='ltr'>in</span> <span class='ocrx_word' id='word_1_129' title='bbox 1216 4048 1412 4137; x_wconf 74' lang='lat' dir='ltr'>crystallus</span> 
     </span>
     <span class='ocr_line' id='line_1_25' title="bbox 219 4169 1413 4265; baseline -0.001 -19"><span class='ocrx_word' id='word_1_130' title='bbox 219 4178 442 4259; x_wconf 89' lang='lat' dir='ltr'>concretam,</span> <span class='ocrx_word' id='word_1_131' title='bbox 459 4174 497 4244; x_wconf 91' lang='lat' dir='ltr'>in</span> <span class='ocrx_word' id='word_1_132' title='bbox 511 4169 632 4246; x_wconf 78' lang='lat' dir='ltr'>frusta</span> <span class='ocrx_word' id='word_1_133' title='bbox 644 4173 799 4245; x_wconf 87' lang='lat' dir='ltr'>divisam</span> <span class='ocrx_word' id='word_1_134' title='bbox 811 4194 901 4245; x_wconf 88' lang='lat' dir='ltr'>vase</span> <span class='ocrx_word' id='word_1_135' title='bbox 918 4173 1057 4246; x_wconf 85' lang='lat' dir='ltr'>siccato</span> <span class='ocrx_word' id='word_1_136' title='bbox 1076 4178 1112 4247; x_wconf 91' lang='lat' dir='ltr'>et</span> <span class='ocrx_word' id='word_1_137' title='bbox 1127 4176 1267 4265; x_wconf 91' lang='lat' dir='ltr'>optime</span> <span class='ocrx_word' id='word_1_138' title='bbox 1284 4177 1413 4247; x_wconf 88' lang='lat' dir='ltr'>clauso</span> 
     </span>
     <span class='ocr_line' id='line_1_26' title="bbox 219 4323 337 4374; baseline 0.008 -1"><span class='ocrx_word' id='word_1_139' title='bbox 219 4323 337 4374; x_wconf 89' lang='lat' dir='ltr'>serva.</span> 
     </span>
    </p>

    <p class='ocr_par' dir='ltr' id='par_1_10' title="bbox 218 4426 1412 4775">
     <span class='ocr_line' id='line_1_27' title="bbox 326 4426 1410 4520; baseline 0.001 -21"><span class='ocrx_word' id='word_1_140' title='bbox 326 4427 454 4500; x_wconf 85' lang='lat' dir='ltr'>Massa</span> <span class='ocrx_word' id='word_1_141' title='bbox 475 4427 700 4518; x_wconf 80' lang='lat' dir='ltr'>crystallina,</span> <span class='ocrx_word' id='word_1_142' title='bbox 720 4429 830 4514; x_wconf 84' lang='lat' dir='ltr'>flava,</span> <span class='ocrx_word' id='word_1_143' title='bbox 865 4434 950 4500; x_wconf 73' lang='lat' dir='ltr'>aere</span> <span class='ocrx_word' id='word_1_144' title='bbox 984 4426 1208 4518; x_wconf 86' lang='lat' dir='ltr'>liquescens,</span> <span class='ocrx_word' id='word_1_145' title='bbox 1242 4428 1279 4500; x_wconf 89' lang='lat' dir='ltr'>in</span> <span class='ocrx_word' id='word_1_146' title='bbox 1300 4450 1410 4520; x_wconf 88' lang='lat' dir='ltr'>aqua,</span> 
     </span>
     <span class='ocr_line' id='line_1_28' title="bbox 218 4554 1409 4648; baseline 0.001 -20"><span class='ocrx_word' id='word_1_147' title='bbox 218 4557 351 4648; x_wconf 88' lang='lat' dir='ltr'>spiritu</span> <span class='ocrx_word' id='word_1_148' title='bbox 369 4555 442 4627; x_wconf 80' lang='lat' dir='ltr'>vini</span> <span class='ocrx_word' id='word_1_149' title='bbox 464 4560 501 4627; x_wconf 90' lang='lat' dir='ltr'>et</span> <span class='ocrx_word' id='word_1_150' title='bbox 521 4555 671 4628; x_wconf 82' lang='lat' dir='ltr'>aethere</span> <span class='ocrx_word' id='word_1_151' title='bbox 691 4556 801 4647; x_wconf 89' lang='lat' dir='ltr'>plane</span> <span class='ocrx_word' id='word_1_152' title='bbox 822 4555 1003 4643; x_wconf 68' lang='lat' dir='ltr'>solubilis</span> <span class='ocrx_word' id='word_1_153' title='bbox 1022 4554 1085 4625; x_wconf 86' lang='lat' dir='ltr'>vix</span> <span class='ocrx_word' id='word_1_154' title='bbox 1104 4555 1252 4627; x_wconf 87' lang='lat' dir='ltr'>acidum</span> <span class='ocrx_word' id='word_1_155' title='bbox 1273 4555 1409 4646; x_wconf 89' lang='lat' dir='ltr'>hydro-</span> 
     </span>
     <span class='ocr_line' id='line_1_29' title="bbox 219 4682 1412 4775; baseline -0.001 -19"><span class='ocrx_word' id='word_1_156' title='bbox 219 4682 422 4756; x_wconf 88' lang='lat' dir='ltr'>chloricum</span> <span class='ocrx_word' id='word_1_157' title='bbox 459 4682 636 4754; x_wconf 88' lang='lat' dir='ltr'>redoleat.</span> <span class='ocrx_word' id='word_1_158' title='bbox 680 4682 822 4754; x_wconf 88' lang='lat' dir='ltr'>Solutio</span> <span class='ocrx_word' id='word_1_159' title='bbox 862 4703 1010 4774; x_wconf 86' lang='lat' dir='ltr'>aquosa</span> <span class='ocrx_word' id='word_1_160' title='bbox 1040 4682 1412 4775; x_wconf 77' lang='lat' dir='ltr'>lelio-ferrocyanato</span> 
     </span>
    </p>
   </div>
   <div class='ocr_carea' id='block_1_8' title="bbox 0 0 1804 5534">
    <p class='ocr_par' dir='ltr' id='par_1_11' title="bbox 0 0 1804 5534">
     <span class='ocr_line' id='line_1_30' title="bbox 0 0 1804 5534; baseline 0 0"><span class='ocrx_word' id='word_1_161' title='bbox 0 0 1804 5534; x_wconf 95' lang='lat' dir='ltr'> </span> 
     </span>
    </p>
   </div>
  </div>
 </body>
</html>
