3600 5534
701 533 944 609 -399-

225 752 326 826 solve
359 752 397 825 in
431 754 633 842 cucurbita,
656 775 752 845 quae
788 752 1045 827 circumducta
1077 754 1176 826 linea
1204 775 1420 827 mensuram

225 880 424 953 semilitrae
445 885 572 954 exacte
592 882 731 954 iudicat
749 882 788 953 in

359 1005 480 1106 tque
499 1003 707 1084 lesuram
728 1032 759 1103 q.
782 1032 825 1101 a,

224 1140 264 1206 ut
282 1155 463 1209 mensura
482 1134 680 1207 semilitrae
700 1136 811 1227 plane
831 1136 1029 1227 repleatur.

332 1262 476 1336 Solutio
492 1262 639 1349 librata,
661 1262 768 1354 cujus
785 1263 945 1353 quodvis
967 1264 1225 1335 centimetrum
1246 1264 1419 1335 cubicum

225 1390 436 1480 aequivalet
449 1389 740 1481 milligrammati
750 1390 815 1462 uni
831 1389 926 1462 acidi
941 1389 1217 1481 hydrocyanici,
1233 1391 1269 1463 in
1285 1392 1421 1482 lagena

223 1519 407 1591 exsiccata
426 1518 565 1611 optime
586 1520 716 1591 clausa
735 1523 915 1591 servetur.

285 1841 459 1928 Salutio
474 1840 600 1927 Kalii
619 1843 1024 1946 hypermangonioi
1043 1840 1356 1926 rolumotrica.

477 2011 511 2101 (1
537 2009 595 2085 CC
610 2041 658 2074 =
672 2011 844 2084 000316
865 2033 958 2102 grm.
978 2009 1166 2100 K2Mn04).

358 2188 450 2265 ltalii
472 2188 789 2290 lypum-ganta
808 2189 1042 2292 crystallisnti
1063 2188 1144 2291 purt

450 2325 647 2415 mummola
667 2321 738 2390 tric
757 2326 786 2391 et
804 2320 1087 2416 cantiprammuto
1106 2318 1244 2390 sedecim
1303 2319 1419 2390 3160

223 2446 457 2519 exactissime
482 2450 642 2538 pensata
669 2446 825 2519 immitte
853 2446 891 2518 in
912 2447 1154 2532 cucurbitam,
1184 2466 1279 2536 quae
1305 2445 1418 2517 unius

222 2575 328 2647 litrae
361 2594 581 2645 mensuram
615 2573 870 2647 circumducta
902 2574 1002 2646 linea
1040 2576 1168 2646 exacte
1206 2571 1346 2644 indicat
1383 2579 1419 2643 et

222 2701 328 2775 solve
348 2702 386 2773 in

358 2827 478 2928 Aquae
499 2825 710 2905 destlllatac
730 2832 855 2904 coctae
875 2848 917 2903 aa
935 2826 1178 2928 refrigerem
1198 2850 1229 2922 q.
1253 2850 1295 2919 a,

220 2962 262 3029 ut
283 2978 358 3029 una
376 2955 461 3029 litra
480 2955 678 3028 solutionis
698 2955 919 3029 obtineatur.

331 3082 563 3155 Solutionem
601 3103 712 3154 serva
748 3082 787 3153 iu
822 3080 958 3172 lagena
992 3081 1178 3152 exsiccata
1212 3078 1418 3171 epistomeo

222 3208 340 3281 vitreo
361 3208 492 3281 clausa
512 3230 535 3280 a
553 3209 636 3281 luce
656 3213 815 3281 remota.

331 3336 460 3410 Stante
488 3336 698 3427 integritate
726 3336 945 3427 incorrupta
973 3335 1058 3407 kalii
1086 3333 1437 3427 hypermanganici

222 3465 380 3556 quodvis
442 3463 701 3535 centimetrum
763 3461 935 3535 cubicum
995 3461 1193 3534 solutionis
1254 3462 1419 3534 continet

222 3592 393 3665 000316
423 3596 634 3683 grammata
668 3592 752 3662 kalii
786 3589 1126 3683 hypermanganici,
1161 3610 1248 3661 cum
1281 3588 1417 3680 quibus

222 3719 365 3792 00063
405 3723 615 3810 grammata
653 3717 747 3789 acidi
787 3718 919 3790 oxalici
952 3716 1186 3808 crystallisati
1220 3723 1416 3808 praesente

222 3847 327 3920 acido
356 3844 531 3919 suliurico
562 3844 631 3916 sub
660 3849 913 3935 temperatura
947 3846 1045 3916 1000
1077 3844 1188 3934 plane
1217 3844 1416 3936 decompo-

220 3978 369 4047 nuntur.
408 3971 502 4045 Hinc
530 3971 701 4063 aequabo
729 3971 920 4043 volumina
955 3971 1183 4044 solutionum
1217 3977 1297 4044 tum
1330 3971 1417 4043 kalii

220 4098 552 4194 hypermanganici
591 4119 708 4189 quum
747 4098 1032 4171 alcalimetricae
1079 4120 1120 4171 se
1158 4100 1318 4171 invicem
1364 4100 1417 4171 ita

222 4230 510 4320 decomponunt,
521 4233 562 4298 ut
571 4226 757 4298 reactione
768 4231 940 4318 perracta
950 4224 1053 4297 color
1071 4226 1225 4316 liquoris
1245 4225 1417 4318 permixti

224 4364 287 4430 aut
305 4357 432 4429 nullus
452 4356 500 4427 sit
525 4360 590 4427 aut
608 4355 734 4427 addita
753 4359 860 4447 gutta
879 4354 966 4426 kalii
980 4353 1312 4446 hypermauganici
1331 4353 1416 4425 levi·

222 4492 276 4558 ter
293 4505 473 4557 rosaceus
495 4482 640 4555 evadat.
