3600 5534
867 493 1080 566 ..54-

372 711 467 784 fusci
498 712 663 804 praebet,
711 732 807 802 quae
837 732 938 803 aqua
972 710 1099 798 diluta,
1134 709 1261 783 addito
1293 710 1391 781 ferro
1426 715 1570 801 sesqui-

294 837 300 854 ‘
372 836 543 910 chlorato
565 838 729 910 colorem
748 837 905 910 viridem
925 838 1036 910 ducit.

481 963 729 1038 Combustum
767 964 934 1037 Catechu
971 964 1104 1038 cineris
1143 985 1190 1036 ne
1228 965 1315 1057 plus
1355 985 1468 1055 quam
1505 985 1573 1036 sex

369 1095 495 1183 partes
516 1091 751 1184 expertibus
773 1095 924 1164 centum
942 1091 1138 1184 relinquat.

482 1217 657 1291 Tinctum.

667 1539 862 1648 Gaulos
888 1538 1263 1681 llulccmarcc.

733 1750 897 1854 stipites
918 1749 1202 1831 Dulcamarae.

471 1943 639 2018 Solarium
654 1944 875 2018 Dulcamura
894 1945 1039 2034 Linn,
1059 1946 1244 2018 suffmtex.
1260 1944 1449 2018 scandens
1471 1943 1564 2016 indi-

365 2095 498 2166 genus.
528 2069 750 2146 sotanaoeae.
1532 2091 1534 2095 ’

470 2200 605 2274 Caules
639 2200 793 2273 biennes
822 2203 889 2272 aut
907 2199 1083 2289 triennes
1118 2200 1237 2292 primo
1266 2221 1355 2274 vere
1384 2200 1444 2271 vel
1474 2220 1560 2272 sero

361 2333 543 2402 autumno
566 2327 709 2400 collecti
729 2333 765 2400 et
786 2327 913 2399 siccati
932 2327 1102 2415 flexuosi,
1133 2349 1247 2420 saepe
1266 2327 1363 2416 torti,
1394 2327 1563 2399 obsoleta

359 2454 574 2548 pentagoni,
589 2454 761 2526 foliorum
776 2453 1009 2526 cicatricibus
1026 2455 1177 2526 alternis
1194 2455 1323 2542 notati,
1340 2458 1502 2544 quatuor
1514 2453 1563 2525 ad

360 2587 443 2654 octo
477 2581 687 2654 millimetra
710 2581 839 2670 crassi,
867 2580 1185 2670 longitudinaliter
1214 2580 1345 2652 sulcati
1365 2586 1402 2652 et
1415 2581 1559 2672 rugosi,

358 2709 444 2801 plus
467 2709 593 2781 minus
618 2706 810 2780 lenticellis
828 2707 1037 2796 Verrucosi,
1056 2707 1305 2799 peridermate
1329 2709 1431 2780 tenui
1451 2708 1561 2780 facile

358 2836 557 2930 separabili
595 2858 616 2909 e
656 2833 834 2907 subviridi
872 2835 930 2906 vel
969 2856 988 2906 e
1029 2834 1210 2907 subfusco
1246 2835 1354 2923 ssave,
1393 2841 1560 2923 tenaces

358 2965 579 3056 plerumque
595 2961 767 3053 fistulosi,
789 2963 936 3055 saporis
951 2961 1116 3054 primum
1130 2961 1259 3049 amari,
1275 2962 1408 3034 deinde
1427 2962 1559 3050 dulciS,

359 3090 422 3162 diu
442 3089 616 3162 faucibus
637 3088 878 3162 inhaerentis,

467 3215 588 3289 Sectio
619 3220 840 3290 transversa
860 3217 1025 3289 ostendit
1044 3217 1218 3289 corticem
1239 3223 1454 3308 angustum,
1474 3219 1559 3290 viri-

358 3344 444 3416 dem
477 3348 513 3415 et
538 3342 682 3433 lignum
715 3344 941 3434 subflavum,
973 3345 1172 3431 radiatum,
1203 3366 1334 3434 grosse
1369 3367 1558 3437 porosum,

357 3470 544 3543 medullae
566 3470 673 3542 albae
692 3471 850 3562 vestigia
869 3471 1076 3548 includens.

801 3829 940 3938 Cera
964 3830 1110 3937 alba.

466 4015 602 4089 Frusta
634 4016 778 4108 fragilia
811 4017 850 4089 in
882 4017 1046 4090 tenuiori
1083 4022 1199 4090 strato
1239 4017 1444 4110 (Raphana,
1483 4022 1554 4093 sub

355 4166 490 4217 manus
507 4143 631 4215 calore
647 4143 813 4236 plastica,
834 4144 987 4217 minime
1006 4144 1159 4234 lubrica,
1180 4147 1301 4218 calore
1318 4145 1461 4218 circiter
1476 4148 1550 4219 640

355 4272 577 4364 liquescant,
609 4271 699 4362 quin
733 4293 910 4365 spumam
945 4272 1093 4364 ejiciant
1120 4273 1179 4344 vel
1213 4272 1463 4345 sedimentum
1493 4274 1554 4346 de-

354 4405 507 4492 ponant.
529 4397 683 4470 Pondus
704 4399 923 4492 specificam
941 4401 1247 4473 0·965—0·970.

463 4527 596 4599 Geram
615 4526 654 4598 in
675 4527 814 4618 globuli
833 4528 992 4600 formam
1010 4529 1213 4616 redactam,
1239 4548 1334 4619 quae
1358 4527 1398 4598 in
1417 4529 1550 4621 spiritu

353 4655 429 4726 vini
459 4655 637 4748 ponderis
675 4655 837 4746 specifici
867 4656 1161 4728 baon—cccc
1191 4655 1301 4727 bullis
1331 4656 1452 4728 aereis
1484 4658 1547 4730 ad-
