3600 5534
687 507 925 579 -193—

533 721 722 832 (ileum
748 717 1092 830 uinnnmomi.

635 931 778 1012 Oleum
803 929 979 1010 Cassiae.

320 1108 348 1180 E
366 1086 505 1181 ⁴cortice
522 1109 747 1181 t'innamomi
762 1113 776 1175 (
784 1109 905 1181 'assiae
916 1108 1121 1196 obtentum,
1133 1109 1182 1181 sit
1198 1110 1407 1183 flavescens

210 1234 267 1305 vel
306 1235 540 1316 subfuscum.
580 1237 785 1330 limpidum,
823 1236 949 1308 ederis
994 1241 1031 1307 et
1070 1236 1217 1327 saporis
1258 1238 1406 1310 corticis

213 1358 446 1436 Cinnamomi
474 1365 684 1457 peculiaris,
713 1363 889 1457 ponderis
917 1385 1016 1455 spec.
1048 1364 1172 1450 1055,
1202 1363 1241 1435 in
1278 1365 1409 1457 spiritu

211 1487 283 1560 vini
303 1490 475 1564 facillime
496 1490 735 1565 solvendum.

319 1616 456 1690 Guttae
476 1625 641 1711 quatuor
660 1620 742 1709 olei,
763 1641 849 1692 cum
870 1619 1000 1691 decem
1021 1616 1247 1691 centimetris
1268 1618 1408 1692 cubicis

210 1743 361 1835 spiritus
402 1746 477 1818 vini
526 1748 755 1821 cencentrati
792 1744 934 1821 dilutae
977 1751 1014 1819 et
1052 1752 1157 1838 gutta
1201 1768 1278 1819 una
1326 1746 1408 1818 ferri

210 1872 495 1963 sesquichlorati
525 1874 638 1947 soluti
663 1874 812 1962 mixtae,
842 1874 1005 1945 celerem
1034 1873 1231 1947 dumtaxat
1255 1874 1405 1946 fuscum

211 2018 287 2070 nou
301 2020 392 2071 vere
414 2003 628 2075 caeruleum
648 2007 714 2074 aut
732 2002 887 2074 viridem
908 2000 1076 2073 induant.

317 2124 481 2201 Mixtura
500 2129 818 2202 oleoso-balsamico.

631 2414 817 2525 (ileum
844 2412 993 2529 Citri.

319 2638 349 2711 E
370 2640 577 2733 pericarpie
597 2638 735 2712 recenti
761 2638 852 2708 (Idri
871 2636 1017 2707 Limnai
1036 2638 1242 2727 obtentum,
1264 2638 1312 2709 sit
1334 2638 1412 2709 lim-

212 2766 352 2857 pidum,
378 2771 502 2855 tenue,
528 2767 663 2839 celcris
692 2788 712 2839 e
742 2765 878 2838 davide
898 2764 1086 2857 pallentis
1118 2763 1246 2837 oderis
1267 2764 1410 2837 tructus

217 2892 303 2966 Citri
318 2894 528 2985 peculiaria,
545 2895 690 2987 saporis
721 2892 1074 2980 amare-aromatici,
1105 2890 1280 2984 penderis
1311 2912 1408 2983 spec

216 3021 343 3109 0850,
388 3020 427 3092 in
471 3027 615 3113 septem
651 3021 819 3113 partibus
859 3018 1013 3111 spiritus
1059 3019 1134 3090 vini
1183 3020 1410 3091 concentrati

216 3146 385 3219 solubile.

321 3272 484 3347 Mirtum
502 3274 824 3347 oleoso-bairanum.
854 3273 959 3345 Potio
979 3272 1153 3369 Mapuesii
1172 3273 1286 3345 citrici
1314 3273 1411 3369 effer·

216 3424 350 3474 vesoena.

456 3692 750 3803 oleum
795 3692 1196 3805 Oretanis.

321 3912 350 3985 E
385 3912 594 3985 seminibus
628 3912 819 3984 mundatis
845 3912 1011 3983 Crotonis
1036 3912 1145 4008 Tiptii
1171 3910 1328 4005 (Linn.)
1349 3933 1410 3984 ex-

214 4040 409 4133 pressione
430 4038 628 4112 obtentum
646 4039 771 4111 oleum
790 4040 940 4132 pingue,
965 4042 1013 4113 sit
1031 4014 1237 4133 limpidum,
1257 4039 1414 4133 paulum

214 4169 394 4261 spissum,
415 4168 548 4240 celeris
568 4165 829 4255 bruneo-ssavi,
849 4168 976 4241 ederis
997 4168 1128 4241 debilis
1149 4167 1295 4259 ingrati,
1311 4166 1414 4239 haud

213 4297 365 4385 rancidi,
381 4294 527 4388 saporis
542 4293 646 4367 initio
662 4293 762 4366 mitis
778 4296 846 4367 sed
861 4318 949 4369 mox
963 4294 1073 4367 valde
1088 4295 1183 4368 acris
1207 4301 1243 4367 et
1257 4294 1411 4383 urentis

212 4421 389 4516 penderis
408 4442 507 4513 spec.
530 4422 823 4494 eaeo-uam
845 4428 881 4494 et
898 4423 1098 4495 reactienis
1119 4424 1258 4497 acidae.

320 4547 482 4621 Maxima
507 4553 678 4641 exparte
697 4549 736 4621 in
755 4548 886 4642 spiritu
914 4550 999 4642 vini,
1031 4573 1077 4623 ex
1095 4556 1175 4624 tete
1194 4551 1232 4623 in
1262 4550 1413 4623 aethere

213 4683 249 4751 ct
268 4676 531 4751 chiomformio
552 4675 720 4749 solvitur.

263 4815 463 4869 Phermncopeea
1196 4817 1230 4871 13
