3600 5534
711 558 947 631 -a97-

228 776 364 849 solutio
394 776 657 851 alcalimetn'ca
685 781 854 850 recenter
872 782 1017 870 parata,
1037 778 1158 850 donec
1178 776 1281 851 color
1299 798 1426 849 caeru·

227 903 307 977 leus
327 904 481 995 liquoris
500 904 539 977 in
557 904 714 995 rubrum
733 903 910 995 agitando
930 904 1195 997 persistentem
1214 904 1342 997 vergit.

335 1030 535 1120 Quantitas
557 1036 755 1104 consumta
781 1031 982 1105 solutionis
1005 1030 1291 1105 alcalimetricae
1317 1032 1427 1105 docet

227 1158 474 1251 quantitatem
493 1158 602 1231 natrii
618 1158 904 1250 hydrooxydati,
925 1180 1023 1249 quae
1044 1159 1269 1232 centimetris
1285 1158 1425 1232 cubicis

225 1286 353 1377 viginti
373 1286 572 1359 solutionis
592 1289 757 1359 tentatae
778 1286 887 1358 inest.
917 1285 1011 1358 Hinc
1030 1286 1171 1359 vicenis
1198 1284 1425 1361 centimetris
1528 1291 1533 1302 “

226 1413 362 1486 cubicis
410 1412 607 1487 solutionis
646 1413 756 1485 natrii
793 1412 1067 1505 hydrooxydati
1104 1417 1161 1486 tot
1208 1414 1426 1487 centimetra

229 1540 360 1613 cubica
377 1562 499 1633 aquae
520 1538 730 1613 destillatae
751 1538 951 1627 addantur,
981 1545 1066 1634 quot
1083 1538 1177 1611 011νο
1207 1541 1426 1613 centimetra

226 1668 356 1741 cubica
370 1668 497 1759 viginti
511 1668 707 1741 solutionis
722 1666 1004 1741 alcalimetricae
1020 1667 1425 1740 adneutralisationem

225 1793 380 1885 liquoris
401 1801 602 1868 consumta
620 1795 781 1868 fuerant.

335 1922 418 1994 Tali
438 1922 551 1995 modo
572 1922 710 1996 solutio
731 1920 982 1995 acidimetrica
1001 1922 1054 1996 ita
1073 1924 1277 1997 constituta
1296 1929 1363 2011 est,
1384 1928 1426 1997 ut

225 2049 384 2141 quodvis
413 2050 496 2140 ejus
533 2051 711 2123 volumen
743 2050 827 2142 pari
855 2050 1035 2123 volumini
1069 2051 1266 2125 solutionis
1301 2051 1424 2125 010011-

228 2177 403 2250 metricae
424 2177 669 2269 aequivaleat.

386 2461 561 2547 Solutio
583 2462 915 2547 alcalimetrlca
934 2462 1269 2548 declnormalis.

418 2633 452 2722 (1
474 2630 532 2705 00
551 2662 598 2695 --
617 2632 761 2704 00003
783 2652 874 2723 grm.
896 2630 1085 2721 maur
1100 2631 1235 2722 amo).

367 2810 466 2889 leldl
486 2810 616 2889 onllei
637 2809 874 2912 crystalllsatl
894 2812 1080 2914 perisslul

551 2952 748 3039 promurale
769 2966 826 3013 ses
845 2948 874 3013 et
888 2941 1158 3037 deciprammcta
1178 2943 1249 3013 tria
1306 2942 1424 3014 6300

224 3069 356 3142 sedulo
390 3075 550 3161 pensata
578 3069 716 3141 immite
746 3069 782 3141 in
812 3069 1053 3155 cucurbitam,
1083 3089 1181 3160 quae
1206 3089 1424 3141 mensuram

225 3196 336 3269 unius
357 3197 462 3269 litrae
483 3202 610 3268 exacte
630 3196 770 3268 indicat
790 3200 826 3267 01
846 3196 951 3267 solve
972 3196 1009 3267 in

361 3320 483 3421 lqrne
503 3319 711 3399 destillatae
731 3327 855 3398 coetae
875 3326 913 3399 et
930 3326 1004 3399 tun
1028 3318 1264 3419 refrigeratae
1285 3348 1313 3395 0.
1334 3347 1379 3418 q.,

226 3453 266 3522 ut
284 3472 361 3523 una
380 3451 464 3522 litra
484 3448 682 3523 solutionis
704 3449 926 3522 obtineatur.

334 3576 562 3650 Solutionem
583 3598 694 3648 serva
710 3577 747 3647 in
763 3575 897 3667 lagena
908 3578 1069 3668 perfecte
1085 3576 1271 3648 exsiccata
1286 3576 1423 3668 episto·

225 3725 309 3777 meo
330 3704 426 3777 bene
446 3704 573 3777 clauso
594 3726 616 3776 a
636 3704 717 3777 1000
737 3708 892 3777 remoto,

334 3830 455 3922 Hujus
476 3830 673 3905 solutionis
691 3831 954 3903 centimetrum
969 3830 1141 3903 cubicum
1162 3851 1290 3912 unum,
1321 3832 1423 3923 quod

226 3958 392 4031 00011001
436 3960 496 4029 6·3
532 3958 835 4049 milligrammata
869 3957 964 4030 acidi
1003 3956 1136 4030 oxalici
1175 3958 1423 4049 crystallisati,

226 4092 387 4179 quatuor
421 4084 723 4177 milligramnrata
760 4085 871 4157 natrii
904 4082 1178 4175 hydrooxydati
1213 4085 1291 4157 sive
1326 4085 1420 4157 deci·

227 4234 328 4285 marn
349 4219 495 4305 partem
520 4213 698 4305 ponderis
720 4212 994 4305 aequivalentis
1025 4212 1192 4303 cujusvis
1223 4213 1319 4285 alius
1341 4234 1421 4285 cor-

226 4342 326 4433 poris
357 4341 474 4413 basici
493 4342 655 4433 perlecta
676 4346 809 4413 neutra
835 4339 956 4412 reddit
976 4344 1012 4411 et
1030 4340 1083 4412 sic
1101 4339 1216 4433 huJ‘us
1238 4340 1423 4430 0000110-

228 4472 301 4541 lem
321 4491 388 4561 per
408 4469 712 4561 milligrammata
733 4490 951 4560 expressam
973 4468 1159 4540 calculare
1179 4467 1366 4561 permittit.

334 4596 476 4669 Solutio
515 4618 592 4669 non
622 4596 684 4668 diu
713 4596 856 4686 integra
885 4600 1025 4681 manet,
1053 4616 1168 4686 quare
1205 4593 1286 4684 ejus
1316 4595 1423 4668 valor

227 4722 380 4817 saepius
429 4722 618 4796 solutione
674 4722 759 4794 kalii
807 4722 1139 4815 lrypermanganici
1178 4721 1422 4793 volumetrica
