<?xml version="1.0" encoding="UTF-8"?>
<!DOCTYPE html PUBLIC "-//W3C//DTD XHTML 1.0 Transitional//EN"
    "http://www.w3.org/TR/xhtml1/DTD/xhtml1-transitional.dtd">
<html xmlns="http://www.w3.org/1999/xhtml" xml:lang="en" lang="en">
 <head>
  <title>
</title>
<meta http-equiv="Content-Type" content="text/html;charset=utf-8" />
  <meta name='ocr-system' content='tesseract 3.04.00' />
  <meta name='ocr-capabilities' content='ocr_page ocr_carea ocr_par ocr_line ocrx_word'/>
</head>
<body>
  <div class='ocr_page' id='page_1' title='image "./pharmacopoeaaus01unkngoog_0265.png"; bbox 0 0 3600 5534; ppageno 0'>
   <div class='ocr_carea' id='block_1_1' title="bbox 699 538 942 613">
    <p class='ocr_par' dir='ltr' id='par_1_1' title="bbox 699 538 942 613">
     <span class='ocr_line' id='line_1_1' title="bbox 699 538 942 613; baseline -0.004 -1"><span class='ocrx_word' id='word_1_1' title='bbox 699 538 942 613; x_wconf 43' lang='lat'><strong>—2312</strong></span> 
     </span>
    </p>
   </div>
   <div class='ocr_carea' id='block_1_2' title="bbox 506 750 1125 898">
    <p class='ocr_par' dir='ltr' id='par_1_2' title="bbox 506 750 1125 898">
     <span class='ocr_line' id='line_1_2' title="bbox 506 750 1125 898; baseline 0.002 -40"><span class='ocrx_word' id='word_1_2' title='bbox 506 750 686 860; x_wconf 81' lang='lat' dir='ltr'>lladix</span> <span class='ocrx_word' id='word_1_3' title='bbox 710 751 1125 898; x_wconf 81' lang='lat' dir='ltr'>Sarsoparillac.</span> 
     </span>
    </p>
   </div>
   <div class='ocr_carea' id='block_1_3' title="bbox 507 1000 1126 1103">
    <p class='ocr_par' dir='ltr' id='par_1_3' title="bbox 507 1000 1126 1103">
     <span class='ocr_line' id='line_1_3' title="bbox 507 1000 1126 1103; baseline 0 -24"><span class='ocrx_word' id='word_1_4' title='bbox 507 1000 773 1103; x_wconf 86' lang='lat' dir='ltr'>Sarsaparilla</span> <span class='ocrx_word' id='word_1_5' title='bbox 807 1003 858 1079; x_wconf 90' lang='lat' dir='ltr'>de</span> <span class='ocrx_word' id='word_1_6' title='bbox 892 1002 1126 1081; x_wconf 80' lang='lat' dir='ltr'>Honduras</span> 
     </span>
    </p>
   </div>
   <div class='ocr_carea' id='block_1_4' title="bbox 219 1193 1484 3335">
    <p class='ocr_par' dir='ltr' id='par_1_4' title="bbox 219 1193 1412 1397">
     <span class='ocr_line' id='line_1_4' title="bbox 326 1193 1412 1289; baseline -0.002 -21"><span class='ocrx_word' id='word_1_7' title='bbox 326 1193 490 1268; x_wconf 80' lang='lat' dir='ltr'>Smilacis</span> <span class='ocrx_word' id='word_1_8' title='bbox 511 1198 656 1289; x_wconf 87' lang='lat' dir='ltr'>species</span> <span class='ocrx_word' id='word_1_9' title='bbox 680 1219 759 1270; x_wconf 92' lang='lat' dir='ltr'>non</span> <span class='ocrx_word' id='word_1_10' title='bbox 778 1198 870 1269; x_wconf 86' lang='lat' dir='ltr'>satis</span> <span class='ocrx_word' id='word_1_11' title='bbox 900 1202 990 1269; x_wconf 88' lang='lat' dir='ltr'>nota</span> <span class='ocrx_word' id='word_1_12' title='bbox 1007 1195 1202 1269; x_wconf 82' lang='lat' dir='ltr'>Americae</span> <span class='ocrx_word' id='word_1_13' title='bbox 1223 1195 1412 1269; x_wconf 83' lang='lat' dir='ltr'>centralis.</span> 
     </span>
     <span class='ocr_line' id='line_1_5' title="bbox 219 1320 626 1397; baseline 0.005 -4"><span class='ocrx_word' id='word_1_14' title='bbox 219 1320 405 1395; x_wconf 64' lang='lat' dir='ltr'>Minerua</span> <span class='ocrx_word' id='word_1_15' title='bbox 427 1323 626 1397; x_wconf 70' lang='lat' dir='ltr'>Smilaoem.</span> 
     </span>
    </p>

    <p class='ocr_par' dir='ltr' id='par_1_5' title="bbox 219 1450 1417 1928">
     <span class='ocr_line' id='line_1_6' title="bbox 326 1450 1417 1545; baseline -0.003 -21"><span class='ocrx_word' id='word_1_16' title='bbox 326 1451 487 1525; x_wconf 80' lang='lat' dir='ltr'>Radices</span> <span class='ocrx_word' id='word_1_17' title='bbox 521 1452 764 1525; x_wconf 80' lang='lat' dir='ltr'>secundariae</span> <span class='ocrx_word' id='word_1_18' title='bbox 798 1453 1032 1545; x_wconf 84' lang='lat' dir='ltr'>praelongae,</span> <span class='ocrx_word' id='word_1_19' title='bbox 1067 1451 1200 1524; x_wconf 85' lang='lat' dir='ltr'>calami</span> <span class='ocrx_word' id='word_1_20' title='bbox 1234 1450 1417 1542; x_wconf 89' lang='lat' dir='ltr'>scriptorii</span> 
     </span>
     <span class='ocr_line' id='line_1_7' title="bbox 219 1578 1415 1670; baseline 0 -21"><span class='ocrx_word' id='word_1_21' title='bbox 219 1581 260 1649; x_wconf 91' lang='lat' dir='ltr'>ut</span> <span class='ocrx_word' id='word_1_22' title='bbox 277 1579 480 1670; x_wconf 89' lang='lat' dir='ltr'>plurimum</span> <span class='ocrx_word' id='word_1_23' title='bbox 491 1580 669 1669; x_wconf 89' lang='lat' dir='ltr'>crassitie,</span> <span class='ocrx_word' id='word_1_24' title='bbox 689 1585 834 1670; x_wconf 84' lang='lat' dir='ltr'>teretes,</span> <span class='ocrx_word' id='word_1_25' title='bbox 855 1580 1005 1670; x_wconf 86' lang='lat' dir='ltr'>flexiles,</span> <span class='ocrx_word' id='word_1_26' title='bbox 1027 1585 1238 1652; x_wconf 84' lang='lat' dir='ltr'>extrorsum</span> <span class='ocrx_word' id='word_1_27' title='bbox 1255 1578 1415 1669; x_wconf 80' lang='lat' dir='ltr'>longitu-</span> 
     </span>
     <span class='ocr_line' id='line_1_8' title="bbox 220 1704 1415 1799; baseline 0.001 -23"><span class='ocrx_word' id='word_1_28' title='bbox 220 1705 389 1779; x_wconf 89' lang='lat' dir='ltr'>dinaliter</span> <span class='ocrx_word' id='word_1_29' title='bbox 408 1707 736 1799; x_wconf 85' lang='lat' dir='ltr'>striato-sulcatae,</span> <span class='ocrx_word' id='word_1_30' title='bbox 757 1708 892 1780; x_wconf 83' lang='lat' dir='ltr'>eoloris</span> <span class='ocrx_word' id='word_1_31' title='bbox 914 1708 1074 1779; x_wconf 85' lang='lat' dir='ltr'>obscure</span> <span class='ocrx_word' id='word_1_32' title='bbox 1095 1706 1188 1777; x_wconf 81' lang='lat' dir='ltr'>lusci</span> <span class='ocrx_word' id='word_1_33' title='bbox 1208 1710 1273 1777; x_wconf 90' lang='lat' dir='ltr'>aut</span> <span class='ocrx_word' id='word_1_34' title='bbox 1291 1704 1415 1777; x_wconf 88' lang='lat' dir='ltr'>fusco-</span> 
     </span>
     <span class='ocr_line' id='line_1_9' title="bbox 219 1835 1208 1928; baseline 0.001 -23"><span class='ocrx_word' id='word_1_35' title='bbox 219 1835 339 1925; x_wconf 85' lang='lat' dir='ltr'>grisei,</span> <span class='ocrx_word' id='word_1_36' title='bbox 360 1837 506 1927; x_wconf 89' lang='lat' dir='ltr'>saporis</span> <span class='ocrx_word' id='word_1_37' title='bbox 525 1836 638 1928; x_wconf 89' lang='lat' dir='ltr'>paulo</span> <span class='ocrx_word' id='word_1_38' title='bbox 658 1836 924 1927; x_wconf 82' lang='lat' dir='ltr'>mucilaginosi,</span> <span class='ocrx_word' id='word_1_39' title='bbox 946 1836 1079 1908; x_wconf 90' lang='lat' dir='ltr'>deinde</span> <span class='ocrx_word' id='word_1_40' title='bbox 1099 1836 1208 1907; x_wconf 89' lang='lat' dir='ltr'>acris.</span> 
     </span>
    </p>

    <p class='ocr_par' dir='ltr' id='par_1_6' title="bbox 221 1961 1484 3075">
     <span class='ocr_line' id='line_1_10' title="bbox 327 1961 1418 2037; baseline 0 -4"><span class='ocrx_word' id='word_1_41' title='bbox 327 1961 369 2033; x_wconf 93' lang='lat' dir='ltr'>ln</span> <span class='ocrx_word' id='word_1_42' title='bbox 391 1964 556 2036; x_wconf 87' lang='lat' dir='ltr'>sectione</span> <span class='ocrx_word' id='word_1_43' title='bbox 567 1965 957 2037; x_wconf 87' lang='lat' dir='ltr'>transversaannulus</span> <span class='ocrx_word' id='word_1_44' title='bbox 968 1964 1229 2037; x_wconf 78' lang='lat' dir='ltr'>fasciculorum</span> <span class='ocrx_word' id='word_1_45' title='bbox 1239 1984 1418 2036; x_wconf 87' lang='lat' dir='ltr'>vasorum</span> 
     </span>
     <span class='ocr_line' id='line_1_11' title="bbox 222 2089 1415 2183; baseline 0.001 -24"><span class='ocrx_word' id='word_1_46' title='bbox 222 2090 381 2181; x_wconf 73' lang='lat' dir='ltr'>clausus</span> <span class='ocrx_word' id='word_1_47' title='bbox 405 2090 520 2164; x_wconf 89' lang='lat' dir='ltr'>radiis</span> <span class='ocrx_word' id='word_1_48' title='bbox 541 2092 808 2165; x_wconf 87' lang='lat' dir='ltr'>medullaribus</span> <span class='ocrx_word' id='word_1_49' title='bbox 827 2114 905 2163; x_wconf 94' lang='lat' dir='ltr'>non</span> <span class='ocrx_word' id='word_1_50' title='bbox 926 2092 1140 2181; x_wconf 86' lang='lat' dir='ltr'>instructus,</span> <span class='ocrx_word' id='word_1_51' title='bbox 1160 2112 1331 2183; x_wconf 90' lang='lat' dir='ltr'>porosus‚</span> <span class='ocrx_word' id='word_1_52' title='bbox 1352 2089 1415 2160; x_wconf 87' lang='lat' dir='ltr'>lla-</span> 
     </span>
     <span class='ocr_line' id='line_1_12' title="bbox 222 2218 1419 2310; baseline -0.003 -20"><span class='ocrx_word' id='word_1_53' title='bbox 222 2240 377 2290; x_wconf 87' lang='lat' dir='ltr'>vescens</span> <span class='ocrx_word' id='word_1_54' title='bbox 392 2224 458 2291; x_wconf 90' lang='lat' dir='ltr'>aut</span> <span class='ocrx_word' id='word_1_55' title='bbox 473 2220 634 2309; x_wconf 79' lang='lat' dir='ltr'>citrinos,</span> <span class='ocrx_word' id='word_1_56' title='bbox 648 2218 844 2291; x_wconf 85' lang='lat' dir='ltr'>includens</span> <span class='ocrx_word' id='word_1_57' title='bbox 865 2219 1068 2291; x_wconf 87' lang='lat' dir='ltr'>medullam</span> <span class='ocrx_word' id='word_1_58' title='bbox 1089 2219 1263 2310; x_wconf 88' lang='lat' dir='ltr'>amplam,</span> <span class='ocrx_word' id='word_1_59' title='bbox 1284 2218 1419 2303; x_wconf 89' lang='lat' dir='ltr'>albam,</span> 
     </span>
     <span class='ocr_line' id='line_1_13' title="bbox 222 2344 1417 2435; baseline -0.002 -18"><span class='ocrx_word' id='word_1_60' title='bbox 222 2345 471 2418; x_wconf 86' lang='lat' dir='ltr'>circumdatus</span> <span class='ocrx_word' id='word_1_61' title='bbox 502 2351 560 2417; x_wconf 88' lang='lat' dir='ltr'>est</span> <span class='ocrx_word' id='word_1_62' title='bbox 590 2350 707 2417; x_wconf 85' lang='lat' dir='ltr'>strato</span> <span class='ocrx_word' id='word_1_63' title='bbox 738 2344 902 2416; x_wconf 82' lang='lat' dir='ltr'>corticali</span> <span class='ocrx_word' id='word_1_64' title='bbox 929 2346 1104 2435; x_wconf 87' lang='lat' dir='ltr'>sarinoso,</span> <span class='ocrx_word' id='word_1_65' title='bbox 1135 2346 1221 2418; x_wconf 90' lang='lat' dir='ltr'>albo</span> <span class='ocrx_word' id='word_1_66' title='bbox 1246 2345 1302 2418; x_wconf 84' lang='lat' dir='ltr'>vel</span> <span class='ocrx_word' id='word_1_67' title='bbox 1330 2344 1417 2416; x_wconf 89' lang='lat' dir='ltr'>sub-</span> 
     </span>
     <span class='ocr_line' id='line_1_14' title="bbox 222 2446 1484 2564; baseline -0.002 -20"><span class='ocrx_word' id='word_1_68' title='bbox 222 2474 378 2562; x_wconf 91' lang='lat' dir='ltr'>rubello,</span> <span class='ocrx_word' id='word_1_69' title='bbox 409 2473 551 2546; x_wconf 89' lang='lat' dir='ltr'>circiter</span> <span class='ocrx_word' id='word_1_70' title='bbox 580 2446 694 2564; x_wconf 86' lang='lat' dir='ltr'>duplo</span> <span class='ocrx_word' id='word_1_71' title='bbox 722 2472 863 2544; x_wconf 90' lang='lat' dir='ltr'>latiore.</span> <span class='ocrx_word' id='word_1_72' title='bbox 904 2472 981 2544; x_wconf 88' lang='lat' dir='ltr'>Sub</span> <span class='ocrx_word' id='word_1_73' title='bbox 1011 2472 1261 2564; x_wconf 90' lang='lat' dir='ltr'>microscopio</span> <span class='ocrx_word' id='word_1_74' title='bbox 1290 2472 1417 2543; x_wconf 86' lang='lat' dir='ltr'>obser·</span> <span class='ocrx_word' id='word_1_75' title='bbox 1482 2552 1484 2555; x_wconf 44' lang='grc'><strong>,</strong></span> 
     </span>
     <span class='ocr_line' id='line_1_15' title="bbox 221 2599 1422 2691; baseline -0.003 -18"><span class='ocrx_word' id='word_1_76' title='bbox 221 2601 368 2673; x_wconf 88' lang='lat' dir='ltr'>vaberis</span> <span class='ocrx_word' id='word_1_77' title='bbox 389 2600 543 2673; x_wconf 85' lang='lat' dir='ltr'>cellulas</span> <span class='ocrx_word' id='word_1_78' title='bbox 564 2600 842 2673; x_wconf 89' lang='lat' dir='ltr'>endodermidis</span> <span class='ocrx_word' id='word_1_79' title='bbox 864 2600 1044 2691; x_wconf 86' lang='lat' dir='ltr'>simplicis</span> <span class='ocrx_word' id='word_1_80' title='bbox 1072 2602 1111 2671; x_wconf 89' lang='lat' dir='ltr'>in</span> <span class='ocrx_word' id='word_1_81' title='bbox 1131 2600 1275 2672; x_wconf 90' lang='lat' dir='ltr'>ambitu</span> <span class='ocrx_word' id='word_1_82' title='bbox 1295 2599 1422 2670; x_wconf 89' lang='lat' dir='ltr'>annuli</span> 
     </span>
     <span class='ocr_line' id='line_1_16' title="bbox 222 2727 1421 2819; baseline -0.002 -21"><span class='ocrx_word' id='word_1_83' title='bbox 222 2728 311 2819; x_wconf 84' lang='lat' dir='ltr'>ligni</span> <span class='ocrx_word' id='word_1_84' title='bbox 330 2729 369 2800; x_wconf 90' lang='lat' dir='ltr'>in</span> <span class='ocrx_word' id='word_1_85' title='bbox 388 2728 553 2802; x_wconf 83' lang='lat' dir='ltr'>sectione</span> <span class='ocrx_word' id='word_1_86' title='bbox 583 2735 796 2800; x_wconf 89' lang='lat' dir='ltr'>transversa</span> <span class='ocrx_word' id='word_1_87' title='bbox 823 2727 944 2799; x_wconf 86' lang='lat' dir='ltr'>forma</span> <span class='ocrx_word' id='word_1_88' title='bbox 967 2728 1042 2800; x_wconf 85' lang='lat' dir='ltr'>lere</span> <span class='ocrx_word' id='word_1_89' title='bbox 1072 2727 1260 2819; x_wconf 88' lang='lat' dir='ltr'>quadrati,</span> <span class='ocrx_word' id='word_1_90' title='bbox 1288 2746 1421 2817; x_wconf 87' lang='lat' dir='ltr'>parum</span> 
     </span>
     <span class='ocr_line' id='line_1_17' title="bbox 224 2852 1422 2948; baseline -0.004 -21"><span class='ocrx_word' id='word_1_91' title='bbox 224 2856 353 2927; x_wconf 86' lang='lat' dir='ltr'>elfere</span> <span class='ocrx_word' id='word_1_92' title='bbox 374 2855 616 2948; x_wconf 83' lang='lat' dir='ltr'>aequabiliter</span> <span class='ocrx_word' id='word_1_93' title='bbox 632 2855 868 2944; x_wconf 70' lang='lat' dir='ltr'>incrassatas</span> <span class='ocrx_word' id='word_1_94' title='bbox 890 2860 926 2926; x_wconf 88' lang='lat' dir='ltr'>el</span> <span class='ocrx_word' id='word_1_95' title='bbox 945 2856 1199 2947; x_wconf 86' lang='lat' dir='ltr'>parenchyma</span> <span class='ocrx_word' id='word_1_96' title='bbox 1218 2852 1324 2925; x_wconf 85' lang='lat' dir='ltr'>strati</span> <span class='ocrx_word' id='word_1_97' title='bbox 1345 2874 1422 2923; x_wconf 88' lang='lat' dir='ltr'>cor-</span> 
     </span>
     <span class='ocr_line' id='line_1_18' title="bbox 222 2982 1175 3075; baseline -0.002 -21"><span class='ocrx_word' id='word_1_98' title='bbox 222 2982 338 3055; x_wconf 88' lang='lat' dir='ltr'>ticalis</span> <span class='ocrx_word' id='word_1_99' title='bbox 359 2984 620 3075; x_wconf 88' lang='lat' dir='ltr'>medullaeque</span> <span class='ocrx_word' id='word_1_100' title='bbox 641 2988 792 3053; x_wconf 86' lang='lat' dir='ltr'>scatens</span> <span class='ocrx_word' id='word_1_101' title='bbox 812 2982 937 3072; x_wconf 89' lang='lat' dir='ltr'>amylo</span> <span class='ocrx_word' id='word_1_102' title='bbox 958 2984 1175 3075; x_wconf 87' lang='lat' dir='ltr'>composito.</span> 
     </span>
    </p>

    <p class='ocr_par' dir='ltr' id='par_1_7' title="bbox 224 3107 1420 3335">
     <span class='ocr_line' id='line_1_19' title="bbox 332 3107 1420 3205; baseline -0.005 -24"><span class='ocrx_word' id='word_1_103' title='bbox 332 3110 518 3182; x_wconf 78' lang='lat' dir='ltr'>Dec-cetum</span> <span class='ocrx_word' id='word_1_104' title='bbox 537 3109 799 3205; x_wconf 76' lang='lat' dir='ltr'>Scrsoparilloc</span> <span class='ocrx_word' id='word_1_105' title='bbox 823 3109 1047 3203; x_wconf 74' lang='lat' dir='ltr'>compositum</span> <span class='ocrx_word' id='word_1_106' title='bbox 1065 3110 1207 3203; x_wconf 81' lang='lat' dir='ltr'>fortius</span> <span class='ocrx_word' id='word_1_107' title='bbox 1230 3114 1261 3178; x_wconf 84' lang='lat' dir='ltr'>ct</span> <span class='ocrx_word' id='word_1_108' title='bbox 1289 3107 1420 3177; x_wconf 80' lang='lat' dir='ltr'>mil&#39;os.</span> 
     </span>
     <span class='ocr_line' id='line_1_20' title="bbox 224 3234 584 3335; baseline 0 -26"><span class='ocrx_word' id='word_1_109' title='bbox 224 3234 358 3332; x_wconf 73' lang='lat' dir='ltr'>Species</span> <span class='ocrx_word' id='word_1_110' title='bbox 376 3236 584 3335; x_wconf 68' lang='lat' dir='ltr'>[donorum.</span> 
     </span>
    </p>
   </div>
   <div class='ocr_carea' id='block_1_5' title="bbox 575 3558 1070 3670">
    <p class='ocr_par' dir='ltr' id='par_1_8' title="bbox 575 3558 1070 3670">
     <span class='ocr_line' id='line_1_21' title="bbox 575 3558 1070 3670; baseline -0.006 0"><span class='ocrx_word' id='word_1_111' title='bbox 575 3560 750 3670; x_wconf 82' lang='lat' dir='ltr'>{lodix</span> <span class='ocrx_word' id='word_1_112' title='bbox 776 3558 1070 3668; x_wconf 84' lang='lat' dir='ltr'>Sassafrus.</span> 
     </span>
    </p>
   </div>
   <div class='ocr_carea' id='block_1_6' title="bbox 609 3768 1036 3875">
    <p class='ocr_par' dir='ltr' id='par_1_9' title="bbox 609 3768 1036 3875">
     <span class='ocr_line' id='line_1_22' title="bbox 609 3768 1036 3875; baseline -0.005 -26"><span class='ocrx_word' id='word_1_113' title='bbox 609 3771 782 3875; x_wconf 85' lang='lat' dir='ltr'>Lignum</span> <span class='ocrx_word' id='word_1_114' title='bbox 816 3768 1036 3849; x_wconf 86' lang='lat' dir='ltr'>Sassafras.</span> 
     </span>
    </p>
   </div>
   <div class='ocr_carea' id='block_1_7' title="bbox 225 3945 1427 4805">
    <p class='ocr_par' dir='ltr' id='par_1_10' title="bbox 225 3945 1421 4148">
     <span class='ocr_line' id='line_1_23' title="bbox 333 3945 1421 4044; baseline -0.006 -22"><span class='ocrx_word' id='word_1_115' title='bbox 333 3947 520 4031; x_wconf 81' lang='lat' dir='ltr'>Sassafras</span> <span class='ocrx_word' id='word_1_116' title='bbox 538 3948 727 4044; x_wconf 79' lang='lat' dir='ltr'>officinalis</span> <span class='ocrx_word' id='word_1_117' title='bbox 745 3948 776 4020; x_wconf 93' lang='lat' dir='ltr'>N</span> <span class='ocrx_word' id='word_1_118' title='bbox 785 3968 870 4038; x_wconf 75' lang='lat' dir='ltr'>eeS,</span> <span class='ocrx_word' id='word_1_119' title='bbox 905 3946 1016 4020; x_wconf 89' lang='lat' dir='ltr'>arbor</span> <span class='ocrx_word' id='word_1_120' title='bbox 1034 3948 1226 4019; x_wconf 80' lang='lat' dir='ltr'>Americae</span> <span class='ocrx_word' id='word_1_121' title='bbox 1246 3945 1421 4019; x_wconf 86' lang='lat' dir='ltr'>borealis.</span> 
     </span>
     <span class='ocr_line' id='line_1_24' title="bbox 225 4074 436 4148; baseline 0.005 -2"><span class='ocrx_word' id='word_1_122' title='bbox 225 4074 436 4148; x_wconf 83' lang='lat' dir='ltr'>Louracccc.</span> 
     </span>
    </p>

    <p class='ocr_par' dir='ltr' id='par_1_11' title="bbox 225 4197 1427 4805">
     <span class='ocr_line' id='line_1_25' title="bbox 332 4197 1422 4290; baseline -0.006 -15"><span class='ocrx_word' id='word_1_123' title='bbox 332 4202 454 4275; x_wconf 83' lang='lat' dir='ltr'>Radix</span> <span class='ocrx_word' id='word_1_124' title='bbox 486 4203 618 4288; x_wconf 89' lang='lat' dir='ltr'>valida,</span> <span class='ocrx_word' id='word_1_125' title='bbox 652 4222 813 4285; x_wconf 87' lang='lat' dir='ltr'>ramosa,</span> <span class='ocrx_word' id='word_1_126' title='bbox 847 4200 1006 4290; x_wconf 83' lang='lat' dir='ltr'>lignosa,</span> <span class='ocrx_word' id='word_1_127' title='bbox 1036 4199 1183 4287; x_wconf 86' lang='lat' dir='ltr'>siccata,</span> <span class='ocrx_word' id='word_1_128' title='bbox 1217 4199 1256 4271; x_wconf 91' lang='lat' dir='ltr'>in</span> <span class='ocrx_word' id='word_1_129' title='bbox 1294 4197 1422 4269; x_wconf 88' lang='lat' dir='ltr'>liustis</span> 
     </span>
     <span class='ocr_line' id='line_1_26' title="bbox 226 4325 1424 4421; baseline -0.007 -18"><span class='ocrx_word' id='word_1_130' title='bbox 226 4332 348 4403; x_wconf 87' lang='lat' dir='ltr'>variae</span> <span class='ocrx_word' id='word_1_131' title='bbox 363 4331 627 4421; x_wconf 79' lang='lat' dir='ltr'>magnitudinis</span> <span class='ocrx_word' id='word_1_132' title='bbox 645 4328 863 4420; x_wconf 85' lang='lat' dir='ltr'>cylindricis,</span> <span class='ocrx_word' id='word_1_133' title='bbox 879 4328 1065 4399; x_wconf 88' lang='lat' dir='ltr'>interdum</span> <span class='ocrx_word' id='word_1_134' title='bbox 1081 4326 1268 4413; x_wconf 67' lang='lat' dir='ltr'>flexuosis</span> <span class='ocrx_word' id='word_1_135' title='bbox 1289 4325 1424 4396; x_wconf 88' lang='lat' dir='ltr'>cortice</span> 
     </span>
     <span class='ocr_line' id='line_1_27' title="bbox 228 4452 1426 4546; baseline -0.006 -16"><span class='ocrx_word' id='word_1_136' title='bbox 228 4458 489 4546; x_wconf 88' lang='lat' dir='ltr'>crassiusculo,</span> <span class='ocrx_word' id='word_1_137' title='bbox 515 4457 629 4544; x_wconf 89' lang='lat' dir='ltr'>molli,</span> <span class='ocrx_word' id='word_1_138' title='bbox 650 4456 841 4543; x_wconf 73' lang='lat' dir='ltr'>suberoso</span> <span class='ocrx_word' id='word_1_139' title='bbox 862 4453 1006 4542; x_wconf 89' lang='lat' dir='ltr'>friabili,</span> <span class='ocrx_word' id='word_1_140' title='bbox 1027 4458 1136 4525; x_wconf 86' lang='lat' dir='ltr'>extus</span> <span class='ocrx_word' id='word_1_141' title='bbox 1156 4453 1308 4540; x_wconf 89' lang='lat' dir='ltr'>rimoso,</span> <span class='ocrx_word' id='word_1_142' title='bbox 1331 4452 1426 4523; x_wconf 84' lang='lat' dir='ltr'>ciue-</span> 
     </span>
     <span class='ocr_line' id='line_1_28' title="bbox 226 4579 1426 4673; baseline -0.007 -16"><span class='ocrx_word' id='word_1_143' title='bbox 226 4607 299 4669; x_wconf 87' lang='lat' dir='ltr'>re0‚</span> <span class='ocrx_word' id='word_1_144' title='bbox 319 4586 421 4658; x_wconf 86' lang='lat' dir='ltr'>intus</span> <span class='ocrx_word' id='word_1_145' title='bbox 442 4608 462 4656; x_wconf 87' lang='lat' dir='ltr'>e</span> <span class='ocrx_word' id='word_1_146' title='bbox 487 4584 600 4656; x_wconf 87' lang='lat' dir='ltr'>rubro</span> <span class='ocrx_word' id='word_1_147' title='bbox 615 4584 732 4673; x_wconf 84' lang='lat' dir='ltr'>fusco,</span> <span class='ocrx_word' id='word_1_148' title='bbox 753 4582 853 4671; x_wconf 84' lang='lat' dir='ltr'>liguo</span> <span class='ocrx_word' id='word_1_149' title='bbox 877 4580 960 4668; x_wconf 91' lang='lat' dir='ltr'>levi,</span> <span class='ocrx_word' id='word_1_150' title='bbox 990 4579 1103 4668; x_wconf 92' lang='lat' dir='ltr'>molli,</span> <span class='ocrx_word' id='word_1_151' title='bbox 1138 4579 1426 4670; x_wconf 82' lang='lat' dir='ltr'>subspongioso,</span> 
     </span>
     <span class='ocr_line' id='line_1_29' title="bbox 225 4707 1427 4805; baseline -0.007 -20"><span class='ocrx_word' id='word_1_152' title='bbox 225 4714 362 4805; x_wconf 88' lang='lat' dir='ltr'>pallide</span> <span class='ocrx_word' id='word_1_153' title='bbox 382 4714 561 4785; x_wconf 77' lang='lat' dir='ltr'>subfusco</span> <span class='ocrx_word' id='word_1_154' title='bbox 582 4717 646 4782; x_wconf 89' lang='lat' dir='ltr'>aut</span> <span class='ocrx_word' id='word_1_155' title='bbox 664 4709 800 4802; x_wconf 89' lang='lat' dir='ltr'>pallide</span> <span class='ocrx_word' id='word_1_156' title='bbox 829 4707 1004 4797; x_wconf 89' lang='lat' dir='ltr'>rubente,</span> <span class='ocrx_word' id='word_1_157' title='bbox 1029 4708 1066 4778; x_wconf 89' lang='lat' dir='ltr'>in</span> <span class='ocrx_word' id='word_1_158' title='bbox 1093 4712 1287 4796; x_wconf 82' lang='lat' dir='ltr'>segmento</span> <span class='ocrx_word' id='word_1_159' title='bbox 1307 4712 1427 4777; x_wconf 86' lang='lat' dir='ltr'>trans-</span> 
     </span>
    </p>
   </div>
   <div class='ocr_carea' id='block_1_8' title="bbox 0 0 1811 5534">
    <p class='ocr_par' dir='ltr' id='par_1_12' title="bbox 0 0 1811 5534">
     <span class='ocr_line' id='line_1_30' title="bbox 0 0 1811 5534; baseline 0 0"><span class='ocrx_word' id='word_1_160' title='bbox 0 0 1811 5534; x_wconf 95' lang='lat' dir='ltr'> </span> 
     </span>
    </p>
   </div>
  </div>
 </body>
</html>
