3600 5534
850 545 1064 617 ..34-

484 899 487 905 1
538 759 691 898 llqua
717 757 1047 866 cinnamomi
1075 758 1384 901 spiritunon..

357 947 456 1040 Rpe:
498 942 652 1021 (lurtlois
674 941 890 1020 0111111111
911 945 1053 1022 contusi

790 1081 988 1169 qrammato
1007 1073 1150 1145 durneto
1477 1076 1556 1147 000

496 1198 617 1298 Aquae
793 1208 1024 1297 qrammotnrn
1046 1207 1196 1295 quotuor
1209 1200 1332 1273 nrillio.
1450 1202 1556 1274 4000

496 1320 653 1426 Splritns
674 1325 750 1402 tint
772 1326 882 1403 11010

790 1463 989 1551 qrunrmnta
1004 1454 1146 1526 ducendo
1166 1457 1432 1550 quinquaqinta.
1478 1457 1555 1528 050

468 1582 616 1654 Macera
634 1604 702 1674 per
731 1582 927 1655 duodecim
946 1583 1072 1670 horae,
1091 1588 1171 1655 tum
1192 1582 1372 1655 abstrahe

793 1717 993 1806 quornmotu
1012 1710 1116 1782 mille.
1451 1712 1555 1782 1000

471 1837 632 1935 Syrnplrs
649 1837 877 1910 Cinnrrnrotni.
893 1837 1060 1910 Tinctum
1071 1862 1204 1910 amoro.
1220 1837 1390 1909 Tinctum
1408 1838 1556 1910 Medulis

361 1966 473 2037 Fer-ri.
497 1963 667 2038 Tinctum
693 1965 939 2061 optinorum.

723 2196 876 2336 llqua
902 2195 1195 2312 destillatu.

469 2384 599 2478 Aquae
638 2384 849 2455 communis
888 2383 1084 2457 destillatio
1122 2384 1160 2455 in
1200 2389 1385 2476 apparatu
1420 2385 1556 2478 optime

360 2514 541 2585 mundato
557 2513 609 2584 ita
623 2512 848 2602 instituatur,
865 2516 907 2582 ut
921 2510 1050 2603 liquidi
1064 2512 1287 2584 duodecima
1302 2512 1444 2584 circiter
1457 2535 1557 2605 parS,

360 2661 457 2732 quae
491 2640 611 2730 prima
643 2639 682 2711 in
718 2639 931 2730 excipulum
964 2638 1165 2727 stillaverit,
1198 2638 1400 2730 rejiciatur,
1422 2640 1556 2712 deinde

365 2768 564 2841 destillatio
590 2768 733 2840 tamdiu
760 2768 1008 2858 continu-stur,
1035 2768 1154 2840 donec
1179 2769 1294 2840 totius
1321 2790 1442 2860 aquae
1463 2767 1566 2840 adhi-

365 2895 1564 2988 bitaetresferequadrantesinexcipulumtransmissaefuerint.

473 3023 605 3115 Aquae
632 3021 839 3095 destillatae
871 3028 1080 3112 grammata
1108 3023 1235 3113 viginti
1265 3028 1352 3114 post
1383 3044 1561 3115 evapora-

362 3150 504 3222 tionem
519 3150 659 3222 residui
673 3148 765 3222 nihil
777 3150 1002 3240 relinquant.
1021 3150 1117 3220 Cum
1133 3171 1233 3241 aqua
1247 3151 1564 3241 hydrosulfrnata‚

364 3277 443 3348 sive
459 3297 545 3348 cum
560 3277 813 3348 solutionibus
825 3276 1045 3367 hydrargyri
1055 3275 1263 3364 bichlorati,
1280 3277 1424 3367 argenti
1433 3277 1563 3365 uitrici,

363 3403 466 3494 baryi
488 3403 655 3491 chlorati,
676 3403 819 3495 plumbi
842 3404 969 3476 acetici
990 3403 1115 3489 basici,
1137 3404 1314 3476 ammonii
1333 3404 1466 3477 oxalici
1486 3410 1564 3476 ten-

363 3535 441 3603 tata
460 3551 507 3602 ne
527 3535 701 3603 mutetur.
732 3530 957 3603 Centimetra
977 3530 1109 3602 cubica
1129 3539 1279 3602 centum
1299 3552 1421 3622 aquae
1442 3531 1563 3604 destil-

364 3659 461 3730 latae
483 3679 568 3731 cum
585 3658 810 3731 centimetris
826 3659 966 3731 cubicis
979 3659 1144 3750 quinque
1161 3659 1255 3730 acidi
1271 3659 1438 3730 sulfurici
1448 3659 1564 3731 mixta

364 3787 463 3858 etad
483 3791 774 3878 temperaturam
799 3788 897 3857 100ο
922 3787 1066 3858 circiter
1090 3788 1280 3876 calefacta,
1308 3786 1355 3857 ad
1372 3806 1562 3858 summum

363 3914 622 3986 centimetrum
647 3913 819 3986 cubicum
854 3913 1046 3985 dimidium
1076 3914 1271 3986 solutionis
1297 3912 1562 3986 volumetricae

363 4041 448 4112 kalii
467 4040 795 4132 lrypennunganici
816 4045 1052 4129 consumant,
1083 4045 1125 4111 ut
1145 4041 1269 4113 colore
1289 4062 1446 4112 rosaceo
1466 4040 1563 4111 intra

363 4168 611 4262 quadrantem
630 4169 745 4240 horae
765 4189 843 4240 non
858 4174 1107 4241 evanescente
1126 4169 1326 4259 tingantur.

731 4398 887 4539 Aqua
914 4397 1207 4513 llocuiculi.

363 4587 459 4678 Rpe:
501 4581 651 4662 Fructus
672 4583 853 4662 locato-lt
874 4585 1017 4660 centusi

796 4719 992 4809 qrammi-ota
1010 4717 1140 4783 centum
