3600 5534
858 523 1090 596 -136-

834 845 1111 956 (inarum.

481 1069 666 1142 Paullintn
678 1068 818 1141 sorbillo
832 1070 1031 1158 MartinS,
1048 1070 1206 1142 urborin
1217 1070 1372 1142 Brasilia
1382 1070 1570 1161 indigena.

373 1199 620 1294 Sopindaceue.

478 1326 629 1398 Massae
646 1325 800 1412 solidae,
819 1325 1051 1412 durissimae,
1071 1327 1319 1419 ponderosae,
1336 1325 1570 1416 cylindricae,

372 1455 641 1542 botuliformes
662 1475 780 1526 unum
802 1454 848 1525 ad
870 1454 944 1524 dno
964 1435 1167 1526 decimetra
1185 1455 1329 1542 longae,
1347 1459 1508 1545 quatuor
1523 1452 1571 1524 ad

371 1583 533 1674 quinquo
554 1582 771 1655 centimetra
796 1603 962 1668 crassae,
989 1603 1008 1652 c
1028 1582 1233 1654 seminibus
1253 1583 1325 1654 leni
1347 1583 1431 1673 igne
1453 1582 1569 1653 sicca-

371 1710 428 1797 tis,
453 1711 669 1803 pulveratis
690 1730 776 1781 cum
797 1731 898 1800 aqua
918 1709 956 1780 in
977 1715 1126 1799 pastam
1145 1711 1308 1782 redactis
1330 1710 1512 1782 formatae
1534 1713 1572 1779 et

370 1836 543 1924 siccatae,
565 1836 762 1929 superficie
782 1836 940 1908 obscure
961 1857 980 1907 e
1000 1836 1271 1924 rubro-fuscae,
1291 1836 1512 1922 subnitidae,
1532 1835 1570 1905 in

369 1964 534 2037 fractura
562 1964 750 2056 inaequali
782 1963 1055 2054 subgrannlata
1082 1963 1351 2051 fusco-rubrae,
1382 1963 1569 2036 interdum

369 2090 586 2182 fragmentis
607 2091 741 2163 albidis
761 2091 949 2164 seminum
968 2090 1122 2162 inclusis
1148 2092 1466 2179 submarmoreae,
1486 2089 1567 2182 pul-

369 2239 495 2290 verem
532 2219 756 2311 praebentes
797 2237 987 2304 carneum,
1026 2218 1173 2309 saporis
1211 2216 1569 2308 subadstringentis,

370 2345 621 2433 amariuscnli,
638 2345 711 2439 qui,
728 2345 973 2436 microscopio
991 2344 1219 2435 exploratus,
1237 2350 1385 2418 constat
1401 2366 1420 2417 e
1436 2366 1569 2437 granu-

369 2473 412 2544 lis
434 2472 587 2546 minutis
610 2471 721 2562 amyli
742 2473 951 2565 compositi,
981 2472 1118 2563 partim
1147 2472 1312 2564 integris,
1341 2473 1478 2565 partim
1507 2473 1568 2543 de-

370 2600 562 2687 formibus
595 2599 881 2690 conglomeratis
922 2605 959 2672 et
996 2623 1015 2671 e
1055 2599 1196 2672 cellulis
1225 2599 1566 2693 parenchymatieis

367 2728 575 2800 rotundatis
592 2732 657 2799 aut
671 2726 1093 2818 rotundato-polyedriS,
1110 2728 1330 2800 membrana
1344 2725 1566 2800 tumescenti

365 2855 502 2942 albida,
532 2855 699 2944 amylum
728 2855 765 2925 in
798 2858 898 2926 statu
926 2876 1043 2947 snpra
1070 2855 1256 2946 descripto
1277 2853 1564 2927 includentibus

730 3251 936 3361 Gummi
967 3250 1208 3359 acaciae.

757 3479 921 3561 Gummi
946 3480 1174 3558 Arabicum.

476 3677 604 3747 Acaciu
642 3676 745 3748 Verelr
780 3676 1023 3750 Guillemin
1057 3685 1093 3749 et
1133 3676 1366 3748 Porrottet
1398 3679 1435 3747 et
1473 3672 1566 3744 aliae

363 3801 515 3875 Accolae
552 3803 711 3896 species,
747 3805 784 3875 in
821 3805 929 3876 terris
968 3805 1015 3876 ad
1054 3805 1177 3877 Nilum
1214 3803 1446 3895 superiorem
1484 3801 1566 3873 sitis

364 3937 574 4003 nascentes.
597 3931 855 4027 chnminosuc.
878 3929 1118 4002 lldimosnccuc.

472 4057 641 4131 Occurrit
677 4059 716 4130 in
754 4059 881 4130 frustis
926 4061 1011 4150 plus
1049 4059 1175 4131 minus
1224 4059 1404 4149 globosis
1440 4057 1565 4129 variae

362 4187 643 4278 magnitudinis,
664 4187 777 4271 duris,
797 4186 990 4278 fragilibus
1010 4187 1303 4278 friabilibusque,
1324 4185 1566 4269 incoloribus,

360 4312 539 4405 limpidis
571 4314 770 4405 diaphanis
802 4320 866 4386 aut
898 4314 1045 4401 athidis,
1068 4335 1144 4385 non
1175 4314 1388 4406 pellucidiS,
1421 4313 1565 4385 rimulis

361 4439 694 4515 innumerabilibus
720 4441 895 4532 trajectis
917 4447 1145 4532 quapropter
1164 4441 1271 4512 facile
1293 4440 1566 4513 dissilientibus

361 4569 399 4640 in
414 4569 572 4642 frustula
596 4570 808 4662 inaequalia
824 4569 1060 4660 acutangula,
1085 4570 1308 4640 infractura
1330 4568 1567 4640 conchoidca

361 4697 479 4770 vitreo
500 4699 664 4785 nitentia,
685 4720 761 4770 non
781 4719 865 4769 raro
886 4697 1136 4769 iridescentia.
