3600 5534
884 548 1115 621 -004-

508 768 680 861 Evapora
707 768 755 840 ad
784 770 914 860 pastae
950 765 1241 852 consistentiam,
1280 763 1350 836 sub
1389 762 1504 835 finem
1534 761 1597 833 ad-

401 896 524 969 dendo
545 896 720 968 albumen
740 916 896 968 ovomm
918 893 1115 967 duodecim
1142 892 1181 964 in
1212 912 1389 985 spumam
1410 911 1595 982 conquas-

401 1030 537 1098 satum.

509 1153 586 1225 Sub
624 1149 803 1223 continua
841 1148 1040 1241 agitatione
1077 1147 1221 1220 tamdiu
1259 1168 1439 1239 evapora,
1479 1146 1598 1217 donee

400 1302 552 1357 massae
572 1278 805 1371 aliquantum
824 1282 1093 1350 exemtumneo
1114 1298 1133 1347 e
1154 1276 1305 1368 spatula
1314 1274 1438 1366 lignea
1448 1274 1599 1359 defluat,

400 1429 470 1482 neo
489 1406 664 1478 manibus
685 1404 896 1492 adhaereat,
917 1408 997 1477 tum
1016 1404 1112 1475 addo

540 1526 658 1632 tqm
680 1530 839 1609 terentii
861 1529 987 1607 floran

952 1664 1156 1755 qrommoto
1176 1638 1447 1752 quinquaqinta.
1548 1656 1598 1726 50

510 1787 637 1859 Massa
655 1786 852 1879 perbreve
872 1791 1021 1878 tempus
1042 1786 1165 1857 adhuc
1185 1783 1258 1856 leni
1288 1784 1410 1855 calore
1430 1782 1601 1872 exposita

403 1915 614 1988 effundatur
633 1935 746 2005 super
763 1913 930 1985 tabulam
953 1912 1127 2004 ligneam,
1148 1912 1271 2003 amylo
1293 1931 1538 2001 conspersam
1564 1913 1599 1979 et

402 2044 441 2115 in
460 2043 544 2114 looo
565 2042 664 2114 sicco
685 2046 900 2133 seponatur.
1381 2016 1383 2020 ⁸

484 2240 488 2245 .
513 2168 568 2241 Sit
586 2169 682 2257 alba,
701 2189 779 2241 non
797 2167 909 2240 nimis
930 2167 1040 2239 sicca.
1163 2229 1166 2233 ,

646 2581 813 2689 Pasto
837 2579 1156 2720 Liqniritioo
1182 2548 1345 2687 flava..

405 2806 501 2898 Rpe:
542 2802 643 2880 Sneei
664 2801 873 2901 iriqairitiae
893 2801 1062 2904 deputati

912 2936 1116 3026 qrnmmota
1136 2936 1268 3003 centnm
1287 2936 1318 3003 et
1337 2929 1464 3025 niniati
1524 2930 1599 3002 mo

542 3056 677 3135 (inni
698 3056 846 3133 teaaiae
866 3059 1009 3133 eontasi
1063 3065 1265 3153 qrammato
1286 3058 1377 3128 mitte
1497 3058 1600 3129 1000

406 3190 510 3261 solve
529 3189 567 3259 in
625 3178 628 3181 ’

542 3312 660 3410 tqaae
681 3310 888 3389 destinatae
943 3338 970 3386 s.
993 3337 1025 3408 q.

406 3448 442 3515 ot
461 3443 554 3530 oola,
574 3440 670 3513 adde
895 3451 899 3457 ’

541 3563 710 3644 Satanan
732 3566 874 3643 tantun
930 3572 1133 3663 mommolo
1153 3567 1254 3638 millo.
1500 3566 1602 3637 1000

515 3694 607 3767 Cmn

542 3820 660 3918 Aquae
681 3818 891 3899 destinatae
949 3847 976 3894 a
1000 3848 1031 3919 q.

406 3955 442 4021 et
470 3950 657 4022 albumine
686 3970 842 4022 ovorum
867 3948 994 4040 viginti
1024 3950 1088 4021 liat
1111 3950 1185 4021 leni
1210 3950 1333 4021 calore
1362 3928 1614 4041 evaporando

405 4082 524 4167 pasta,
545 4076 679 4149 additis
700 4076 770 4148 suh
790 4076 903 4148 finem

541 4200 692 4279 tenetes
713 4199 873 4278 Vanittae
929 4204 1100 4300 qrnmmts
1121 4203 1252 4275 dnobus
1578 4201 1600 4272 0

407 4353 491 4403 curn

541 4454 709 4533 Saeeirari
730 4455 908 4556 pairarat!
963 4460 1135 4555 qrnmmis
1155 4458 1352 4555 quindecim
1554 4456 1601 4529 15

395 4586 544 4676 ,optime
565 4585 741 4658 contritis

514 4711 556 4784 In
575 4713 723 4785 tabulas
744 4714 904 4785 scissam
925 4736 1043 4787 serva.
