3600 5534
858 558 1100 631 —182-

856 768 1097 913 Myrrha.

723 962 1044 1042 Gummi-resina
1059 962 1234 1079 Myrrha.

492 1118 740 1215 Commiphora
759 1121 910 1216 Myrrha
949 1122 1140 1212 Engler,
1180 1121 1290 1193 arhor
1318 1120 1356 1192 in
1390 1120 1579 1191 montibus

378 1248 542 1339 regionis
591 1248 835 1321 Somaliensis
871 1254 908 1321 et
961 1249 1121 1320 Arabiae
1165 1248 1342 1320 australis
1390 1246 1576 1337 indigena.

380 1376 622 1448 Burseraccac.

487 1503 636 1575 Massae
676 1503 899 1594 irregulares
931 1502 1124 1596 gibbosae,
1153 1504 1363 1589 tuberosae,
1394 1501 1577 1573 interdum

379 1632 679 1718 subracemosae‚
694 1651 815 1722 usque
827 1632 873 1702 ad
885 1630 1181 1722 magnitudinem
1195 1630 1321 1723 pugni,
1332 1630 1372 1701 in
1383 1628 1577 1720 superficie

378 1758 567 1849 inaequali
620 1780 758 1850 aspera
803 1758 1095 1850 pulverulentus,
1149 1758 1284 1830 coloris
1331 1758 1466 1847 griseo·
1523 1756 1576 1827 vel

379 1884 808 1981 ochroleuco-sublusci‚
853 1892 1033 1978 purgatae
1075 1887 1248 1958 detlando
1289 1891 1353 1957 aut
1391 1882 1577 1956 abluendo

379 2034 498 2105 aeque
521 2037 563 2083 ac
585 2012 803 2083 infractura
824 2014 1007 2085 conchata
1036 2014 1221 2105 pinguiter
1242 2013 1411 2099 nitentes,
1442 2011 1576 2083 coloris

377 2140 596 2230 plenamque
630 2128 841 2231 aequabilis
877 2141 1186 2227 subrubra-tusci,
1211 2140 1397 2211 interdum
1433 2137 1573 2209 albido-

377 2267 586 2338 maculatae
625 2272 690 2338 aut
726 2268 832 2339 veuls
878 2268 1013 2339 albidis
1053 2267 1238 2357 trajectae,
1276 2267 1314 2337 iu
1361 2265 1575 2358 fragmentis

378 2394 550 2466 tenuibus
572 2394 780 2486 pellucidae
801 2401 865 2467 aut
887 2395 1180 2486 subpellucidae‚
1209 2394 1445 2479 subleuaces
1474 2392 1573 2464 haud

379 2521 485 2594 facile
514 2522 779 2613 pulverandae‚
817 2522 1011 2613 pulverem
1049 2524 1143 2594 laete
1173 2520 1430 2621 aurantiacum
1470 2540 1597 2611 prae--

380 2649 524 2720 bentes

484 2776 552 2847 Est
598 2776 751 2866 Myrrha
803 2776 931 2849 odoris
978 2776 1178 2868 peculiaris
1228 2774 1374 2863 suavis,
1431 2774 1574 2866 saporis

376 2903 586 2999 aromatici,
633 2904 817 2991 subactis,
865 2904 1124 2989 amariusculi;
1173 2904 1283 2976 acido
1330 2902 1462 2974 uitrico
1510 2906 1574 2973 aut

374 3029 660 3121 bydrochlorico
684 3031 910 3119 humectata,
936 3031 1058 3104 induit
1086 3030 1248 3103 colorem
1279 3029 1429 3102 sordide
1460 3029 1572 3101 viola-

376 3180 495 3230 ceum.

488 3280 663 3356 Tinctum.
685 3284 804 3357 Massa
821 3286 1019 3380 pilularum
1041 3283 1152 3380 Raffi.

772 3604 1174 3746 haphtalinum.

483 3829 654 3921 Crystalli
682 3829 919 3922 prismaticae
947 3830 1001 3901 vel
1030 3830 1251 3919 lamellares,
1283 3830 1400 3919 albae,
1420 3829 1571 3913 nitidae,

373 3958 498 4030 odoris
509 3958 729 4050 plerumque
739 3957 884 4047 ingrati,
894 3958 1134 4049 penetrantis
1145 3959 1214 4031 sub
1229 3963 1483 4049 temperatura
1497 3958 1568 4029 790

373 4086 634 4177 liquescentes,
655 4106 740 4157 cum
760 4086 962 4177 vaporibus
982 4108 1102 4179 aquae
1123 4092 1294 4178 prompte
1310 4086 1570 4178 auffugientes

374 4214 576 4286 Solvuntur
595 4213 822 4305 inpartibus
845 4213 988 4285 circiter
1009 4214 1060 4285 Ml
1080 4213 1233 4305 spiritus
1254 4214 1328 4285 vini
1344 4214 1571 4286 concentrati

372 4342 503 4432 frigidi,
519 4342 556 4412 in
577 4340 678 4412 omni
692 4341 767 4413 fere
784 4340 989 4432 quantitate
1006 4340 1146 4425 fervidi,
1167 4362 1237 4413 nec
1256 4362 1333 4414 uon
1352 4342 1391 4414 in
1407 4342 1569 4429 aethere,

372 4469 541 4556 hemula,
562 4467 655 4539 oleis
674 4466 877 4559 pinguibus
898 4474 935 4541 et
955 4468 1148 4541 aethereis.

478 4595 680 4668 Incensum
692 4595 879 4687 deflagrat,
891 4596 1037 4668 fumum
1048 4595 1371 4689 densum,nigmm
1383 4598 1569 4682 evolvens,

371 4724 521 4799 residuo
542 4744 617 4798 non
638 4723 778 4797 relicto.
