3600 5534
842 518 1085 590 -090-

524 733 871 845 limeum
910 737 1403 845 coloratum.

477 956 603 1029 Massa
613 956 835 1047 crystallina,
847 956 943 1046 alba,
955 962 1039 1028 ae're
1050 955 1205 1029 humido
1217 955 1400 1041 diffluens,
1410 953 1449 1025 in
1469 975 1568 1045 aqua

369 1089 405 1157 et
425 1085 555 1177 spiritu
573 1084 647 1155 vini
667 1083 772 1155 facile
793 1088 830 1156 et
844 1104 890 1155 ex
904 1084 1047 1174 integro
1059 1083 1237 1155 solubilis.
1259 1080 1400 1152 Solutio
1413 1102 1567 1171 aquosa,

367 1211 565 1283 reaetionis
585 1210 723 1299 acidae,
743 1210 869 1282 addito
886 1211 1074 1283 ammonio
1091 1210 1272 1323 sulfurato
1288 1208 1568 1298 praecipitatum

368 1338 494 1410 album
505 1336 885 1427 demittit3argentum
894 1337 1068 1409 uitricum
1077 1358 1146 1409 nec
1159 1357 1235 1407 non
1244 1333 1434 1406 ammonia
1442 1333 1567 1406 itidem

367 1464 609 1557 praecipitata
628 1464 714 1537 alba
733 1464 908 1553 efficiunt,
926 1486 1085 1556 quorum
1099 1470 1299 1555 utrumque
1316 1462 1353 1533 in
1379 1460 1568 1533 ammonia

368 1591 583 1665 abundante
603 1592 765 1684 perfecte
786 1592 953 1664 solvitur.
981 1592 1123 1664 Solutio
1143 1603 1299 1684 aquosa,
1319 1589 1446 1661 addito
1461 1589 1567 1661 acido

367 1718 663 1811 hydrochloricO,
697 1739 767 1791 nec
796 1739 895 1810 aqua
924 1717 1237 1809 hydrosulsurata‚
1267 1738 1335 1789 nec
1355 1715 1567 1788 kalio-serri-

368 1850 526 1938 cyanato
557 1844 752 1933 coloretur,
791 1865 860 1917 nee
897 1845 1013 1935 barno
1050 1846 1181 1918 uitrico
1220 1844 1398 1931 turbetur,
1435 1842 1567 1914 eadem

368 1973 556 2045 ammonia
574 1972 789 2045 abundante
808 1972 960 2063 limpida
978 1977 1130 2044 maneat
1149 1977 1186 2044 et
1201 1971 1431 2062 hydrogenio
1452 1971 1566 2048 sullu-

367 2105 460 2191 rat0,
488 2100 527 2172 in
556 2122 714 2173 excessu
743 2099 879 2189 addito,
909 2099 1118 2171 sedimento
1144 2120 1244 2171 mere
1274 2097 1359 2169 albo
1384 2097 1565 2190 deposito,

369 2228 568 2300 filtratione
587 2228 768 2319 liquorem
787 2226 974 2319 praebeat,
1006 2227 1067 2318 qui
1095 2226 1143 2299 ad
1172 2226 1313 2298 siccum
1342 2230 1567 2318 evaporatus

371 2357 408 2426 et
426 2354 563 2446 ignitus
584 2354 776 2427 residuum
794 2354 939 2426 nullum
949 2354 1130 2444 relinquit.

696 2546 911 2655 lineum
931 2545 1239 2687 oxydatum.

824 2733 965 2816 Floras
988 2738 1101 2816 zinci.

368 2898 471 2991 Rpe:
502 2896 613 2976 Nalrll
634 2894 817 2974 otthoniel
837 2893 1072 2995 crystallini!
1227 2903 1430 2994 praeornata

1085 3030 1232 3097 trecento
1251 3031 1284 3096 et
1301 3024 1429 3121 cipinti
1487 3026 1565 3097 300

370 3150 473 3223 solve
491 3150 530 3223 in

502 3274 625 3377 Aque
644 3277 852 3355 destinatae
913 3278 1085 3375 praelectis
1104 3278 1196 3349 utillo
1215 3279 1428 3376 octinpcntia
1462 3280 1566 3353 1800

474 3404 624 3498 Liquori
643 3406 778 3480 filtrato
809 3412 845 3479 et
873 3405 922 3479 ad
942 3405 1194 3478 ebullitionem
1224 3407 1402 3479 calefacto
1430 3408 1568 3481 instilla

368 3532 593 3605 solutionem
613 3553 659 3605 ex

502 3654 600 3735 linei
618 3658 787 3738 calinici
842 3659 1015 3757 praecluis
1035 3659 1191 3730 trecentis
1488 3662 1567 3734 300

502 3781 623 3886 dum
644 3785 858 3863 destillelno
912 3786 1084 3883 prammis
1102 3788 1282 3883 recuperetis
1488 3789 1567 3861 900

365 3918 546 4008 paratam.

473 4040 715 4115 Instillatione
752 4047 903 4135 peraeta
939 4041 1060 4134 liquor
1097 4041 1220 4113 adhue
1258 4042 1416 4132 ebulliat,
1446 4044 1567 4115 donee

365 4168 646 4262 praecipitatum
664 4169 765 4242 initio
793 4170 1041 4261 gelatinosum
1068 4169 1106 4240 in
1129 4170 1443 4268 pulverulentum,
1462 4171 1567 4244 facile

365 4297 523 4370 fundum
541 4300 684 4389 patene,
704 4300 889 4369 mutatum
909 4296 1027 4369 fuerit

473 4424 632 4516 Liquore
657 4427 923 4515 supernatante
943 4422 1087 4513 defuso,
1116 4424 1396 4516 praecipitatum
1424 4425 1564 4498 iteratis

364 4550 505 4624 vicibus
526 4571 625 4643 aqua
639 4548 1566 4645 fervidaedulcoretur,usquedumliquorfiltratus

365 4679 481 4771 baryo
501 4677 634 4751 uitrico
654 4696 733 4750 non
752 4676 911 4769 amplius
922 4676 1102 4767 turbetur,
1120 4681 1201 4751 tum
1218 4679 1380 4772 perfecte
1399 4679 1567 4753 siccetur.
