3600 5534
872 547 1062 618 -g-

477 763 642 856 Argeuto
671 763 803 838 nitrico
823 763 970 855 adjecto
1000 764 1251 839 sedimentum
1271 763 1410 851 album,
1439 783 1565 836 caseo-

369 914 455 966 sum
474 892 655 983 gignitur,
691 893 793 982 quod
820 892 859 964 in
890 893 1081 965 ammonia
1109 891 1317 964 abundanti
1343 892 1404 963 vel
1430 889 1565 981 frigore

369 1019 475 1093 facile
510 1023 546 1092 et
578 1019 690 1110 plane
725 1019 893 1091 solvitur.
934 1017 1028 1091 Cum
1057 1039 1247 1110 mangano
1281 1018 1566 1109 hyperoxydato

373 1145 578 1219 calefactus
599 1144 769 1218 chlorum
789 1144 934 1218 emittit.

482 1291 639 1364 Acidurn
671 1291 866 1386 quintuplo
887 1290 1078 1363 volumine
1099 1312 1221 1383 aquae
1241 1290 1450 1363 destillatae
1471 1289 1566 1362 dilu-

371 1424 451 1492 turn
462 1423 499 1490 et
510 1438 601 1509 gase
612 1417 917 1509 hydrosulfurato
930 1421 1148 1504 saturatum,
1163 1438 1232 1490 nec
1247 1417 1412 1490 colorem
1427 1418 1566 1489 tlavurn

372 1546 513 1633 induat,
532 1566 603 1618 nec
631 1545 919 1638 praecipitatum
946 1544 1089 1616 luteum
1116 1545 1291 1638 deponat,
1326 1545 1504 1633 etsiarnsi‚
1530 1546 1568 1617 in

372 1695 460 1747 vase
500 1673 630 1745 clauso
662 1671 861 1762 digestum,
895 1693 963 1766 per
997 1672 1138 1765 aliquot
1173 1678 1322 1764 ternpus
1359 1673 1568 1766 sepositum

375 1801 490 1874 tuerit.
520 1800 723 1874 Ammonia
742 1806 920 1876 neutrum
939 1803 1090 1890 factum,
1112 1822 1197 1873 cum
1218 1802 1410 1874 ammonio
1429 1801 1565 1892 hydro-

373 1929 558 2002 snlfurato
577 1949 625 2002 ne
646 1931 821 2001 mutetur.
1087 1935 1091 1941 '

482 2073 640 2147 Acidum
674 2093 773 2166 aqua
794 2072 964 2160 dilutum,
994 2073 1129 2145 infusis
1160 2073 1302 2166 aliquot
1331 2073 1444 2165 guttis
1461 2071 1570 2164 baryi

373 2199 502 2290 uitrici,
535 2223 582 2272 no
603 2204 684 2271 lum
719 2199 871 2292 quidem
906 2199 1091 2287 turbetur,
1126 2200 1157 2271 si
1192 2200 1378 2271 solutione
1408 2198 1487 2290 jodi
1520 2199 1569 2272 ad

374 2327 537 2399 colorem
556 2326 695 2397 ssavum
717 2325 872 2397 tinctum
893 2325 977 2412 fuit,
1007 2346 1130 2418 neque
1161 2327 1326 2398 colorem
1356 2326 1569 2398 caeruleum

374 2455 559 2541 exhibeat,
580 2457 782 2545 postquam
802 2473 888 2523 cunr
913 2452 1028 2542 guttis
1049 2452 1240 2525 nonnullis
1261 2451 1457 2524 solutionis
1479 2452 1571 2524 zinci

369 2581 489 2674 jodati
510 2603 595 2653 curn
615 2581 739 2672 amylo
761 2586 1050 2673 conquassatur.

485 2726 527 2798 ln
559 2728 730 2820 partibus
766 2733 916 2800 centurn
951 2729 1140 2801 contineat
1171 2734 1299 2820 partes
1328 2728 1447 2800 t3·86
1468 2727 1570 2818 gasis

375 2852 658 2945 hydroclrlorici.
707 2854 849 2943 Quodsi
879 2877 926 2928 ex
963 2856 1129 2948 quinque
1172 2855 1398 2928 centimetris
1432 2853 1570 2927 cubicis

377 2983 417 3071 (5
440 2979 512 3069 CC)
535 2980 618 3072 ejus
639 3002 738 3074 aqua
757 2980 933 3054 diluendo
954 2982 1164 3055 efficiuntur
1184 2987 1336 3054 centum
1355 2982 1570 3068 centimetra

377 3107 507 3179 cubica
523 3109 618 3197 (100
634 3107 718 3198 CC),
738 3108 776 3179 in
793 3108 923 3180 decern
943 3109 1167 3180 centimetris
1182 3107 1320 3181 cubicis
1336 3107 1452 3199 hujus
1468 3107 1572 3180 diluti

374 3235 529 3327 liquoris
559 3235 701 3308 neutris
727 3236 942 3324 reddendis
969 3236 1167 3308 minimum
1205 3241 1477 3309 consumantur
1509 3234 1570 3307 tri·

375 3363 552 3454 giutasex
567 3366 784 3436 centimetra
798 3364 930 3436 cubica
940 3363 1219 3436 etsexdecinrae
1234 3371 1362 3455 partes
1375 3365 1483 3456 (36·6
1495 3361 1569 3450 CC)

375 3489 573 3562 solutionis
595 3490 865 3564 acidinretricae
886 3491 1159 3563 decinoruralis.

476 3848 698 3958 rioldum
723 3845 1197 3991 hydrochloriourn
1223 3847 1469 3958 dilutum.

660 4078 835 4157 Acidum
856 4079 1117 4159 muriatioum
1141 4079 1321 4158 dilutum.

374 4275 477 4368 Rpe:
512 4271 612 4350 totu
632 4270 903 4374 hydrochlorlcl
923 4272 1147 4352 coneo-trau

917 4429 1114 4518 qrammalo
1132 4428 1265 4494 centum
1283 4423 1407 4518 oiqiuti
1493 4423 1568 4497 120

511 4548 633 4652 Aque
653 4546 861 4627 destinatae
923 4557 1119 4648 grammato
1137 4556 1268 4622 contum
1287 4549 1456 4625 undecim.
1495 4553 1565 4625 111

511 4697 634 4774 Misce.
657 4697 712 4771 Sit
731 4695 908 4792 ponderis
932 4696 1057 4771 loca.
