3600 5534
705 561 915 634 ..43-

699 772 929 891 Bennoi.

635 985 789 1064 Resina
812 985 987 1064 Banzou.

321 1175 451 1275 Styrar
485 1178 639 1250 Benznt'n
683 1179 928 1270 Dryander,
966 1181 1079 1253 arbor
1110 1183 1334 1274 praesertim
1371 1183 1408 1254 in

209 1305 385 1378 Sumatra
405 1307 584 1398 indigena
605 1313 640 1379 et
661 1308 772 1380 culta.
805 1305 997 1402 Styrueeae.

318 1433 458 1507 Suecus
478 1435 679 1523 resinosus,
715 1440 849 1528 sponte
883 1436 942 1508 vel
970 1437 1069 1508 faeta
1097 1437 1242 1508 arboris
1274 1437 1403 1509 vulne-

206 1563 350 1634 ratione
383 1562 569 1653 prufunda
604 1563 772 1648 eflluens
806 1571 891 1634 aere
925 1563 1129 1639 induratus,
1165 1565 1262 1636 sistit
1290 1587 1408 1656 grana

206 1690 631 1780 rotundato-angulata,
675 1690 800 1782 quoad
844 1691 1140 1781 magnitudinem
1181 1691 1407 1785 inaequalia,

206 1816 275 1888 sed
294 1817 514 1908 plerumque
534 1817 727 1908 ampliora,
756 1837 880 1907 usque
902 1817 950 1887 ad
979 1817 1162 1889 nonnulla
1191 1819 1409 1891 centimetra

206 1943 247 2015 in
280 1943 461 2017 diametro
494 1945 640 2017 resinae
663 1942 817 2031 solidae,
848 1943 983 2016 eoloris
1011 1945 1050 2016 in
1077 1946 1241 2018 fractura
1268 1947 1406 2019 recenti

208 2071 396 2144 eonelrata
424 2072 546 2162 lactei,
577 2094 682 2144 cerae
712 2071 832 2143 instar
858 2071 1021 2158 nitentia,
1057 2094 1153 2164 quae
1193 2073 1410 2146 substantia

207 2199 356 2289 exigua,
391 2200 524 2292 partim
546 2221 692 2292 porusa,
729 2222 871 2292 aspera,
905 2198 1049 2286 sriahili,
1083 2199 1409 2292 adipum-nitente,

207 2326 345 2398 eoloris
365 2351 384 2400 e
404 2328 719 2419 subrubra-grisei
738 2327 797 2399 vel
817 2327 1211 2418 griseo-luscescentis,
1242 2327 1280 2399 in
1308 2329 1405 2418 frag-

208 2455 344 2526 mentis
373 2453 549 2528 tenuibus
579 2453 786 2545 diaphana,
816 2455 855 2525 in
884 2473 1031 2530 massas
1060 2454 1284 2544 irregulares
1315 2475 1403 2526 eon-

208 2585 312 2652 ereta
330 2586 427 2653 sunt.

319 2707 383 2780 Est
410 2707 558 2779 Benzoe
584 2707 707 2780 odoris
732 2707 934 2798 gratissimi
962 2707 1169 2780 vanillaeei.
1200 2708 1242 2780 ln
1272 2707 1406 2799 spiritu

206 2834 285 2906 viui
302 2835 375 2908 leni
395 2835 517 2907 calore
536 2836 612 2907 fere
633 2857 678 2907 ex
699 2841 777 2908 toto
798 2835 965 2908 solvitur.
998 2836 1140 2910 Salutio
1160 2837 1298 2908 filtrata
1319 2857 1404 2908 eum

207 2983 310 3054 aqua
328 2962 512 3053 liquorem
530 2962 694 3034 lacteum
713 2963 914 3036 reactionis
935 2963 1063 3035 acidae
1083 2963 1248 3055 praebet.

321 3105 497 3179 Tinctum.
518 3107 685 3206 Auurrqiu
705 3107 812 3180 Porri
831 3107 1009 3180 bertedeld.

443 3428 775 3538 Bismutlrum
805 3429 1177 3547 subnitrieum.

550 3641 829 3746 Magisterium
852 3642 1063 3720 Bismuthi.

206 3835 308 3928 Rpe:
338 3831 513 3910 llisnutlri
533 3833 719 3912 subtiliter
733 3834 915 3934 pullenti
940 3844 1138 3933 1ᾳνανηνηαία
1154 3837 1296 3908 (trecenta
1327 3837 1405 3909 200

174 4049 178 4056 ,
345 3959 437 4038 Rulli
453 3962 576 4039 nltt'lai
944 3972 1141 4060 yrunrmutu
1161 3965 1285 4060 uiqinli
1355 3965 1406 4038 20

206 4091 334 4164 intime
351 4091 466 4162 mixta
480 4090 519 4162 in
540 4092 875 4181 erricibu10,eal0re
894 4094 1035 4165 sensim
1056 4100 1178 4181 auctu,
1199 4092 1408 4183 liquescant

206 4225 244 4292 et
280 4219 433 4311 saepius
480 4219 656 4310 agitando
703 4242 769 4312 per
816 4221 1062 4312 quadrantem
1110 4221 1226 4293 horae
1265 4220 1404 4298 fluant.

205 4347 398 4419 Metallum
434 4346 676 4436 liquefactum
724 4348 761 4420 in
810 4369 950 4439 aquam
999 4349 1159 4421 effusum
1208 4371 1231 4420 a
1278 4348 1407 4419 scoriis
1532 4335 1535 4340 ’

205 4479 413 4566 separetur.

343 4597 451 4700 nujus
471 4596 607 4678 metalli
627 4603 772 4702 purgati
793 4600 938 4679 militer
957 4601 1136 4703 pulverati

939 4738 1136 4827 qrammutu
1156 4737 1285 4801 erutum
1331 4733 1404 4803 100
