3600 5534
692 529 928 613 -na--

208 755 356 833 timelra
373 755 507 852 longis
533 759 688 848 obtusis
708 761 956 851 integerrimis
983 765 1048 832 aut
1066 755 1402 853 repando-subcre-

207 887 316 976 natiS,
335 888 485 978 glabris
502 887 772 975 crassiuseulis,
792 889 887 960 laete
901 887 1091 977 viridibus,
1107 887 1254 960 siccatis
1269 888 1404 960 subtus

207 1037 363 1088 nervum
382 1015 603 1107 primarium
629 1015 895 1106 praebentibus
926 1014 1008 1086 basi
1036 1016 1164 1104 latum,
1186 1016 1404 1107 collapsum,

209 1143 427 1234 plerumque
442 1141 759 1233 longitudinaliter
772 1143 963 1235 plicatum,
980 1163 1111 1214 versus
1127 1142 1240 1213 folioli
1261 1142 1404 1233 apicem

208 1269 411 1341 admodum
431 1269 721 1342 decrescentem.
742 1267 895 1362 Saporis
916 1274 1006 1341 sunt
1024 1270 1221 1362 peramari.

314 1413 529 1486 Extractum.
551 1413 687 1509 Species
706 1414 949 1485 amaricantes.
975 1413 1139 1485 Tinctum
1158 1437 1294 1486 omaro.

558 1810 709 1919 llolia
733 1809 884 1921 Uvae
898 1811 1042 1918 ursi.

316 2033 605 2130 Arctostoplrylos
625 2033 810 2130 officinalis
831 2033 1033 2106 Wimmer
1061 2038 1099 2106 et
1124 2033 1403 2120 Grabowski,

208 2163 400 2236 fruticulus
426 2161 711 2254 sempervirens,
740 2162 779 2233 in
808 2162 1001 2234 montibus
1031 2161 1206 2233 calcareis
1232 2161 1405 2254 Europae

208 2312 389 2363 crescens.
410 2287 600 2360 Ericoceac.

315 2435 420 2508 Folia
435 2435 598 2507 obovata
612 2435 671 2506 vel
686 2436 883 2528 spatulam,
906 2435 1103 2508 duodecim
1125 2435 1174 2506 ad
1189 2436 1403 2528 quindecim

209 2557 418 2636 millimetra
433 2565 556 2653 longa,
583 2563 687 2653 apice
703 2562 840 2634 obtusa
856 2567 921 2640 aut
934 2563 1147 2649 rotundata,
1168 2563 1206 2634 in
1226 2563 1405 2654 petiolum

211 2691 360 2763 brevem
371 2695 575 2778 attenuata,
591 2689 840 2780 integerrima,
858 2691 1023 2782 margine
1035 2689 1401 2782 subdiaphano-car·

210 2819 395 2910 tila'gineo,
407 2817 520 2908 plano
532 2816 591 2889 vel
602 2818 870 2906 sub-revoluto,
884 2819 1006 2892 ciliato
1018 2824 1082 2890 aut
1093 2818 1245 2911 saepius
1261 2818 1403 2908 glabro,

210 2945 248 3016 in
269 2949 427 3036 utraque
447 2949 553 3036 parte
574 2945 705 3034 laevia,
732 2945 898 3033 nitentia,
928 2946 1158 3036 glabenima.
1192 2947 1403 3017 reticulato·

209 3094 361 3160 venosa,
383 3072 507 3144 nervis
533 3073 665 3144 subtus
685 3072 992 3164 prominentibus,
1013 3093 1174 3164 superno
1204 3073 1403 3164 depressis

210 3220 347 3286 crassa,
368 3199 545 3284 coriacea‚
570 3199 696 3290 rigida,
718 3204 882 3273 saturata
911 3200 1053 3288 viridia,
1083 3200 1216 3271 subtus
1250 3201 1406 3292 paulurn

210 3325 417 3417 pallidiora,
450 3326 624 3412 inodora,
658 3327 802 3418 saporis
837 3326 1104 3417 adstringentis
1139 3333 1174 3400 et
1204 3326 1405 3400 subamari.

211 3453 356 3525 Siccata
376 3459 580 3526 serventur.

317 3598 370 3670 Ne
413 3599 690 3671 confundantur
726 3620 811 3670 cum
854 3599 952 3671 foliis
988 3599 1142 3671 Vaccinii
1185 3599 1271 3669 Vitis
1307 3600 1407 3671 Idcoc

212 3725 362 3816 (Lirin.)
393 3725 558 3817 margine
583 3732 724 3799 remote
759 3727 963 3814 sarculatis,
999 3727 1131 3798 subtus
1160 3727 1404 3819 fusco-punc-

213 3853 307 3941 tatis,
338 3875 458 3945 neque
485 3875 570 3925 cum
598 3852 694 3924 foliis
724 3851 878 3924 Vocclaii
907 3853 1073 3949 ulipirrosi
1103 3853 1260 3943 (Linn.)
1289 3877 1405 3926 mem-

214 3981 415 4068 branaceis,
436 3981 569 4053 subtus
590 3980 742 4070 glaucis.

487 4375 711 4485 Fructus
738 4376 884 4485 linisi
910 4375 1127 4486 stellati.

317 4599 469 4673 illiciam
508 4601 685 4672 orzisotnm
715 4601 947 4689 Loureiro,
986 4601 1098 4673 arbor
1127 4601 1268 4673 Clrinac
1298 4601 1405 4674 meri-

214 4727 384 4800 dionalis.
406 4727 668 4825 Mapoolioccoc.
