3600 5534
687 570 932 643 -185-

208 811 277 865 nec
302 798 442 871 sulfure
464 791 627 865 demisso
653 790 857 880 opalescat,
882 810 954 863 nec
975 810 1076 881 aque
1094 790 1409 882 hydrosulsurara,

210 942 277 992 nec
298 923 427 996 addita
446 920 647 1007 ammonia,
668 916 860 989 ammonio
880 916 1064 991 sulfurato
1085 919 1250 990 colorem
1278 925 1407 993 mutet.

209 1047 350 1123 Eadem
388 1048 494 1122 acido
531 1046 664 1119 nitrico
702 1042 892 1117 acidulata
928 1044 987 1117 vel
1024 1046 1141 1137 baryo
1179 1046 1312 1120 nitrico
1351 1049 1408 1120 vel

209 1180 365 1267 argento
385 1175 518 1250 nitrico
537 1195 585 1247 ne
605 1171 717 1245 nimis
737 1171 919 1246 turbetur.

319 1301 515 1376 Continent
552 1300 591 1373 in
624 1304 775 1372 centum
820 1299 991 1392 partibus
1043 1300 1238 1374 minimum
1284 1309 1409 1394 partes

212 1430 261 1501 36
273 1431 312 1502 ·7
326 1428 359 1501 N
361 1429 443 1502 atrii
459 1426 645 1503 carbonici
661 1426 764 1513 sicci;
781 1431 1009 1518 quapropter
1027 1449 1198 1519 gramma
1216 1429 1409 1503 dimidium

209 1554 323 1629 Natrii
352 1556 538 1630 carbonici
576 1539 823 1645 crystallisati,
862 1554 900 1625 in
939 1576 1039 1647 aqua
1074 1555 1261 1629 destillata
1297 1559 1408 1631 centi-

208 1683 337 1755 metris
348 1683 486 1757 cubicis
497 1682 642 1756 circiter
656 1680 783 1772 viginti
797 1682 974 1771 solutum,
986 1682 1181 1755 minimum
1192 1684 1409 1757 centimetra

209 1810 339 1883 cubica
366 1809 517 1903 triginta
547 1812 709 1902 quatuor
728 1814 765 1881 ct
783 1830 849 1881 sex
871 1810 1036 1883 decimas
1056 1816 1185 1902 partes
1208 1812 1313 1902 (34·6
1335 1812 1408 1902 CC)

209 1935 405 2011 solutionis
420 1936 702 2010 alcalimetricae
719 1936 982 2011 decinormalis
1002 1943 1208 2027 consumat,
1229 1943 1270 2010 ut
1287 1938 1410 2032 liquor

186 2114 190 2118 -
210 2069 343 2137 neuter
363 2064 510 2137 evadat.

318 2189 490 2281 Crystalli
511 2190 653 2264 ruditer
668 2195 788 2282 tusae,
803 2192 887 2267 loco
905 2192 1034 2287 tepido
1055 2190 1132 2265 aeri
1149 2194 1350 2286 expositae,
1370 2194 1408 2268 in

210 2316 403 2408 pulverem
429 2318 648 2392 dilabuntur
677 2325 713 2392 et
739 2321 839 2394 ultra
863 2342 931 2393 sex
951 2320 1115 2393 decimas
1142 2321 1319 2412 ponderis
1348 2323 1408 2395 sui

210 2448 338 2537 partes
364 2446 535 2537 perdunt
561 2445 689 2520 Pulvis
715 2448 802 2521 inde
829 2426 964 2521 enatus
993 2470 1060 2541 per
1094 2448 1255 2522 cribrum
1288 2455 1407 2523 trans-

208 2572 330 2663 jectus
351 2573 423 2645 sub
442 2572 594 2647 nomine

406 2696 563 2775 Natrlun
584 2698 812 2778 carlo-ten
834 2699 969 2779 eleon
990 2700 1219 2801 (dilapsum)

209 2832 358 2918 praesto
378 2827 571 2900 habeatur.

321 2952 492 3027 Tiuctmu
523 2954 609 3027 [rtet
637 2979 780 3051 aquosa.

400 3294 640 3404 Natrium
668 3297 1213 3439 byclrocarbonioum.

326 3522 512 3603 Natrium
535 3525 847 3605 bicarbonioum.
870 3526 1123 3607 Bicarbonas
1146 3528 1288 3609 Sodae.

319 3718 476 3793 Crustae
524 3721 771 3812 crystallinae,
819 3743 971 3813 opacae,
1016 3729 1104 3796 'aere
1150 3724 1405 3816 persistentes

211 3844 359 3938 saporis
391 3847 1023 3941 subalcalini,inaquaef1igidae
1058 3852 1228 3944 partibus
1263 3852 1407 3925 circiter

215 3972 483 4064 resolubiles,
518 3975 717 4048 calefactae
751 3976 899 4049 acidum
933 3979 1174 4051 carbonicum
1206 3983 1243 4051 et
1268 4000 1407 4073 aquam

211 4101 396 4189 emittunt,
429 4102 621 4175 residuum
653 4107 712 4176 est
750 4104 950 4177 reactiorris
984 4105 1125 4181 fortiter
1159 4108 1337 4181 alcalinae
1371 4114 1407 4180 et

210 4227 383 4301 flammae
404 4210 598 4302 admotum
616 4231 715 4304 hanc
735 4231 858 4305 colore
877 4233 976 4308 llavo
997 4235 1112 4307 inlicit
1403 4316 1406 4321 ,

319 4356 461 4429 Solutio
491 4377 537 4429 ex
565 4365 771 4447 grammate
795 4381 871 4433 uno
898 4362 988 4435 salis
1020 4368 1057 4436 et
1075 4362 1252 4455 grammis
1278 4362 1406 4454 viginti

211 4504 331 4576 aquae
361 4484 568 4556 destillatae
587 4492 732 4577 parata,
759 4487 894 4560 additis
920 4490 1032 4579 guttis
1053 4490 1171 4563 tribus
1209 4491 1406 4563 solutionis

209 4610 542 4703 phenolphtale’ini,
569 4634 616 4684 ne
641 4614 768 4685 statim
786 4614 962 4687 rubescat
990 4620 1027 4689 et
1054 4617 1087 4689 si
1119 4618 1218 4690 lente
1233 4620 1406 4707 rubescit,

211 4742 314 4829 gutta
334 4759 412 4810 una
431 4737 526 4809 acidi
545 4738 818 4829 hydrocblorici
838 4740 943 4814 diluti
963 4743 1206 4818 decoloretur.
