3600 5534
684 535 928 609 —ma-

446 744 619 855 Radix
645 744 848 855 balant
876 748 1176 858 aromatici.

628 974 827 1055 Rhizoma
849 977 987 1057 Acori.

318 1170 453 1242 Acorus
494 1168 661 1243 talamus
698 1171 835 1260 Lina,
872 1172 1004 1265 planta
1037 1172 1212 1265 perennis
1245 1174 1282 1246 in
1317 1174 1407 1248 Asia

210 1295 394 1388 indigena,
414 1319 515 1370 nunc
537 1298 576 1371 in
594 1298 687 1371 loeis
705 1298 899 1391 paludosis
915 1300 1085 1392 Europae
1101 1300 1245 1373 mediae
1269 1302 1409 1393 ubique

208 1428 342 1515 sponte
362 1446 545 1499 crescens,
566 1425 732 1499 Ararene.

316 1551 502 1626 Rhizoma
541 1574 627 1626 sero
666 1558 846 1626 autumno
884 1554 1065 1627 effossum
1104 1559 1140 1627 et
1176 1553 1249 1627 leni
1282 1557 1404 1629 calore

209 1678 388 1752 siccatum
408 1682 566 1754 occmrit
584 1681 622 1753 in
641 1680 771 1753 frustis
797 1680 1102 1773 subcylindricis,
1122 1682 1275 1773 paulum
1305 1704 1403 1755 com-

208 1807 350 1912 pressis
384 1813 448 1880 aut
480 1829 548 1901 per
579 1807 847 1900 longitudinem
882 1808 994 1896 fissia,
1024 1808 1061 1881 in
1087 1814 1191 1900 parte
1212 1811 1404 1901 superiore

210 1931 362 2006 alternis
392 1935 536 2008 vicibus
566 1937 742 2027 stigmata
769 1936 943 2008 soliorum
972 1936 1132 2027 trigona,
1172 1936 1405 2028 aliquantum

209 2061 398 2153 depressa,
447 2063 583 2136 coloris
615 2062 862 2136 luscescentis
896 2068 934 2135 et
966 2062 1175 2136 internodia
1203 2063 1401 2156 longitudi-

209 2188 341 2261 naliter
372 2210 522 2281 rugosa,
569 2190 808 2263 rubescentia
854 2195 919 2263 aut
957 2188 1404 2265 olivaceo-brunescentia

209 2314 423 2404 ostendens
463 2318 629 2391 alatere
663 2317 750 2390 binc
783 2316 868 2389 inde
904 2316 1079 2409 stigmata
1117 2338 1326 2410 scaporum,
1365 2319 1403 2391 in

207 2447 312 2535 parte
341 2442 512 2517 interiore
546 2445 715 2517 radicum
753 2444 943 2516 cicatrices
982 2466 1129 2536 parvas
1165 2444 1402 2533 orbiculatos,

208 2577 419 2663 excavatas
434 2571 472 2643 in
487 2572 693 2644 curvaturis
709 2570 941 2663 simplicibus
962 2578 1027 2645 aut
1046 2571 1256 2663 duplicibus
1278 2571 1400 2664 dispo·

209 2698 339 2770 sitas·

317 2823 482 2898 'textura
501 2826 635 2899 mercis
663 2826 767 2914 levis
796 2826 896 2899 intus
926 2824 1247 2914 albino-rubentis,
1277 2828 1402 2899 odoris

208 2952 405 3042 peculiaris
432 2954 631 3043 aromatici,
670 2955 814 3047 saporis
844 2953 971 3042 amari,
1010 2954 1199 3025 aromatici
1228 2960 1285 3026 est
1313 2954 1400 3026 sub·

210 3079 423 3171 spongiosa‚
437 3086 588 3172 propter
603 3082 753 3154 canales
769 3081 945 3155 acriteros
969 3101 1193 3154 numerosos
1213 3082 1250 3153 in
1269 3103 1400 3173 paren-

210 3204 392 3297 cbymate‚
429 3207 594 3298 amylum
639 3209 678 3280 in
724 3209 888 3298 granulis
936 3208 1148 3301 perpusillis
1191 3210 1402 3281 continente

209 3354 278 3406 nec
315 3354 392 3407 non
427 3334 465 3406 in
492 3334 820 3408 innumerabilibus
868 3336 1010 3407 cellulis
1057 3335 1222 3427 globosis
1278 3337 1402 3409 oleum

209 3461 435 3534 aethereum.

316 3586 535 3660 &tractum
575 3590 754 3661 Tinctum.
791 3590 924 3684 Species
951 3591 1192 3663 artrurc'coatcs.
1233 3590 1401 3664 Tinctum

209 3714 389 3787 Adriatici
407 3718 604 3812 coraposito.

551 4108 726 4219 ltadix
751 4109 1058 4271 Columbae.

315 4334 533 4408 raaoaoaa
553 4333 722 4408 Columba
742 4336 884 4425 MierS,
904 4336 1034 4429 planta
1054 4336 1101 4409 ad
1117 4336 1240 4410 littora
1255 4337 1399 4413 Africae

208 4462 394 4536 orientalis
413 4462 651 4555 intertropica
670 4462 854 4536 habitans.
875 4462 1192 4559 Menispermuceua

314 4590 437 4663 Radix
446 4590 554 4680 tlara,
566 4590 713 4681 siccata,
730 4590 890 4663 occurrit
904 4592 942 4663 in
958 4592 1159 4683 segmentis
1175 4592 1398 4665 transversis

208 4717 475 4791 orbicularibus
491 4716 714 4811 ellipticisve‚
735 4719 914 4811 usquead
930 4719 1004 4790 duo
1020 4718 1234 4791 centimetra
1250 4719 1399 4808 crassis
