3600 5534
721 515 933 585 ..59-

226 733 452 804 consumant
477 734 513 801 et
535 728 657 821 liquor
688 730 735 802 ad
765 729 1020 802 ebullitionem
1047 729 1247 802 calefactus
1281 736 1316 803 et
1344 736 1425 802 tum

225 856 383 930 filtratus
421 876 490 928 1133
529 862 682 946 argento
716 856 846 928 uitrico
887 878 956 928 nec
994 856 1101 927 acido
1140 855 1424 948 hydrochlorico

225 983 417 1076 aliquanto
437 984 522 1075 plus
542 982 721 1056 turbetur.

334 1111 535 1183 Chininum
563 1110 900 1204 hydrochloricum,
937 1131 1023 1182 cum
1055 1111 1162 1183 acido
1188 1111 1318 1184 11111130
1344 1113 1423 1185 sive

225 1257 311 1310 cum
329 1239 426 1310 ferro
446 1239 744 1330 sesquichlorato
764 1239 1030 1325 humectatum,
1052 1239 1214 1310 colorem
1235 1260 1281 1311 ne
1295 1245 1423 1328 mutet,

224 1386 339 1457 supra
357 1367 498 1439 lamina
515 1367 679 1458 platinea
698 1365 939 1439 fervefactum
956 1366 1116 1456 perfecte
1137 1366 1342 1440 comburat.

335 1493 477 1568 Solutio
511 1516 657 1586 aquosa
685 1493 791 1566 acido
825 1492 1110 1583 hydrochlorico
1139 1493 1325 1567 acidulata
1356 1515 1423 1568 nec

224 1619 340 1712 baryo
361 1622 492 1695 uitrico
512 1623 689 1710 1111113101,
709 1642 777 1693 1133
798 1621 905 1693 acido
926 1621 1102 1692 sulfurico
1115 1621 1230 1693 diluto
1250 1627 1422 1694 mutetur.

503 1906 783 2015 Chininum
809 1907 1142 2022 sulfuricum.

481 2099 694 2178 Chininum
719 2099 956 2178 sulfuricnm
979 2099 1173 2177 hasicum.

332 2259 502 2350 Crystalli
537 2259 752 2348 aciculares,
790 2259 1045 2346 tenuissimae,
1084 2258 1226 2346 molles,
1265 2259 1420 2331 3311330-

222 2386 392 2475 011311133,
425 2387 570 2478 saporis
604 2387 712 2459 valde
742 2387 868 2468 amari,
901 2387 939 2458 in
973 2385 1421 2476 311331330131133311133,

221 2521 306 2586 aere
326 2513 481 2586 humido
496 2512 693 2587 humorem
713 2515 952 2587 attrahentes,
972 2513 1015 2584 ln
1030 2514 1163 2605 spiritu
1187 2513 1265 2585 vini
1279 2513 1422 2586 fervido

221 2640 325 2714 haud
351 2641 557 2729 difficulter,
581 2642 619 2713 in
645 2663 744 2734 30113
768 2642 911 2738 fervida
930 2641 1057 2713 minus
1078 2641 1194 2727 133113,
1225 2641 1263 2712 10
1287 2640 1423 2731 frigida

224 2767 440 2842 difficillime
461 2770 667 2841 solvuntur.

332 2895 474 2968 Solutio
507 2916 661 2988 aquosa,
689 2895 828 2968 nullius
854 2901 919 2967 aut
946 2915 1023 2966 non
1053 2895 1181 2966 acidae
1210 2895 1421 2982 reactionis,

223 3029 327 3113 gutta
373 3044 450 3095 una
497 3023 593 3095 acidi
641 3023 807 3094 sulfurici
856 3023 1034 3110 admixta,
1078 3024 1202 3094 colore
1249 3024 1421 3096 caeruleo

222 3151 419 3224 fluorescit.
523 3207 525 3212 .

332 3277 477 3366 Quodsi
498 3278 675 3350 solutioni
704 3299 882 3369 aquosae,
903 3277 1038 3368 frigore
1059 3282 1261 3365 3311113133,
1290 3278 1420 3370 paulu-

223 3406 300 3478 lum
321 3427 441 3498 aquae
463 3405 581 3477 chlori
611 3426 654 3476 ac
684 3406 770 3477 dein
790 3405 1021 3479 ammoniam
1040 3403 1290 3492 instillaveris,
1320 3405 1422 3477 color

223 3531 349 3606 viridis
379 3533 577 3605 enascitur.
609 3533 752 3605 Solutio
782 3555 926 3625 aquosa
955 3533 1070 3623 baryo
1099 3533 1230 3604 uitrico
1255 3533 1421 3641 admixto
1556 3525 1561 3533 “

225 3660 476 3733 sedimentum
506 3660 643 3747 album,
659 3659 712 3731 -in
737 3659 855 3731 acidis
875 3659 1075 3732 insolubile
1097 3660 1240 3746 emittit,
1269 3665 1424 3750 argento

225 3788 357 3859 uitrico
376 3809 424 3860 ne
445 3793 619 3860 mutetur.

332 3914 531 3988 Chininum
568 3915 786 3987 sulfuricum
820 3915 928 3987 acido
958 3915 1137 3987 sulfurico
1175 3915 1255 3986 sive
1290 3916 1424 3988 uitrico

187 4045 189 4048 ’
224 4049 463 4116 30333011310
483 4043 738 4114 humectatum
758 4064 805 4116 ne
826 4045 1022 4115 coloretur.

331 4171 510 4244 Gramma
537 4192 657 4242 unum
687 4170 776 4242 salis
807 4170 845 4242 in
875 4171 1101 4243 centimetris
1122 4171 1262 4242 cubicis
1282 4175 1426 4262 septem

223 4299 414 4387 mixturae,
453 4320 498 4370 ex
540 4299 731 4370 volumine
769 4320 846 4369 uno
885 4299 1038 4390 spiritus
1076 4299 1151 4370 vini
1190 4298 1353 4370 absoluti
1391 4306 1428 4371 et

222 4426 477 4499 voluminibus
499 4427 650 4498 duabus
669 4425 920 4498 chloroiormii
937 4427 1177 4518 compositae,
1197 4427 1268 4497 suh
1288 4433 1426 4518 tempe-

222 4561 347 4627 ratura
378 4555 564 4628 40--500
598 4555 773 4642 solutum,
804 4553 987 4645 liquorem
1015 4554 1224 4645 praebeeat
1265 4553 1329 4645 qui
1366 4554 1425 4624 vel

223 4682 461 4774 refrigeratus
481 4681 592 4774 plane
613 4681 790 4774 limpidus
810 4688 1014 4774 permanet.
