3600 5534
665 520 908 593 -923-

190 736 457 827 longitudinem
474 757 625 829 rugosa,
645 738 804 812 obscure
824 740 932 813 filsea
957 739 1164 830 gibbosum,
1195 760 1383 830 asperum,

191 863 356 955 rigidum,
382 864 529 952 durum,
553 865 592 937 in
624 866 787 939 lractura
815 865 1036 958 subaequali
1061 886 1199 937 cornea
1228 865 1383 957 pulchre

191 992 339 1080 flavum,
364 985 410 1064 ‘in
438 993 603 1065 sectione
629 998 848 1066 transversa
866 994 1002 1065 circulo
1033 1014 1052 1065 e
1081 994 1270 1065 nonnullis
1299 994 1386 1085 ligni

191 1120 386 1212 fasciculis
417 1120 639 1213 plerumque
673 1122 975 1211 cuneilormibus
1009 1104 1189 1212 angustis,
1222 1122 1386 1209 remotis

191 1249 332 1342 passim
350 1270 439 1321 vero
459 1250 738 1343 approximatis⁷
763 1250 923 1322 obscure
943 1250 1068 1339 luscis
1094 1249 1189 1323 inter
1212 1249 1386 1321 corticem

193 1377 483 1449 crassiusculum
530 1382 567 1451 et
609 1377 814 1451 medullam
850 1378 1109 1450 orbicularem.
1143 1365 1300 1469 ‘Saporis
1331 1380 1387 1448 est

193 1505 527 1594 nauseosoamari,
542 1506 775 1579 masticando
796 1506 954 1578 salivam
970 1506 1092 1578 colore
1109 1505 1206 1577 llavo
1226 1504 1384 1597 tingens.

230 1688 242 1715 ·
300 1649 511 1723 Extruclum
527 1649 692 1747 fluidum.

293 2087 590 2199 Radia)
625 2088 1300 2223 lpeooemmnoe.

308 2342 488 2439 Ceplot'lis
507 2344 747 2439 Ipecocucnla
765 2343 897 2416 Willd
908 2366 1041 2433 euoiv,
1060 2344 1189 2437 planta
1203 2342 1388 2436 perennis,

196 2472 231 2543 in
250 2471 352 2543 silvis
373 2472 537 2546 humidis
556 2471 735 2544 Brasiliae
755 2477 977 2565 spontanea.
1002 2470 1204 2543 Rubiaceoc.

304 2616 518 2708 Radices‚e
551 2617 757 2689 rbizomate
785 2617 887 2690 tenui
916 2616 1063 2689 nodoso
1091 2621 1244 2709 repente
1274 2620 1387 2704 ortae,

196 2743 363 2835 siccatae,
381 2746 559 2837 integrae,
592 2745 796 2835 flexuosae,
825 2745 873 2818 ad
894 2746 1144 2818 extremitates
1166 2748 1390 2835 attenuatae,

195 2872 411 2964 plerumque
450 2877 580 2946 autem
617 2872 655 2944 in
691 2872 921 2963 fragmentis
961 2872 1086 2963 quoad
1121 2871 1392 2963 longitudinem

195 2999 463 3091 inaequalibus
494 3003 654 3092 quatuor
683 2999 731 3071 ad
757 2999 922 3091 quinque
951 2998 1160 3071 millimetra
1186 2997 1334 3090 crassis
1353 2998 1391 3069 in

196 3127 388 3219 superficie
417 3125 780 3214 amuleto-nodosis,
820 3125 929 3198 nodis
965 3126 1232 3219 approximatis
1263 3130 1300 3199 et
1325 3146 1393 3217 per

195 3252 459 3347 longitudinem
484 3254 638 3326 delicate
660 3254 809 3341 striatis,
835 3253 971 3325 coloris
999 3254 1220 3346 plerumque
1249 3254 1387 3344 griseo-

195 3381 295 3468 lusci‚
311 3402 424 3473 saepe
433 3380 779 3473 nigrescentifusci,
788 3382 922 3454 cortice
939 3402 1078 3471 crasso,
1089 3380 1218 3471 fragili,
1230 3382 1393 3453 fractura

195 3510 412 3595 subcomea,
427 3508 596 3581 facillime
613 3508 810 3600 separabili
826 3508 960 3599 aligno
975 3513 1099 3599 terete,
1119 3508 1252 3595 tenaci,
1266 3507 1391 3580 odoris

196 3637 335 3728 debilis,
355 3636 502 3724 mucidi,
523 3636 669 3728 saporis
689 3636 876 3727 nauseosi‚
897 3634 1014 3707 amari
1034 3640 1071 3707 et
1090 3634 1271 3709 subacris

299 3782 342 3854 ln
357 3782 522 3855 sectione
536 3786 755 3854 transversa
774 3787 930 3874 apparet
949 3784 1075 3853 cortex
1090 3780 1391 3872 albidogriseuS,

194 3908 384 3982 latitudine
413 3930 582 3999 aequans
612 3913 676 3982 aut
704 3929 889 4001 superaus
919 3910 1059 3999 lignum
1090 3908 1253 3980 centrale
1287 3929 1387 3980 eom·

195 4041 352 4128 paetum,
368 4036 659 4123 subflavescenS,
680 4036 780 4108 baud
799 4037 994 4109 manifeste
1013 4035 1185 4108 radiatim
1199 4034 1389 4121 lineatum,

196 4163 435 4237 subtilissime
450 4184 641 4255 porosum.
663 4163 740 4236 Sub
760 4165 1006 4255 microscopio
1026 4162 1101 4235 tela
1121 4162 1267 4235 corticis
1283 4162 1389 4253 ligni-

195 4313 264 4383 que
303 4296 454 4364 scatens
493 4291 616 4382 amylo
652 4291 860 4382 composito
898 4295 935 4363 et
971 4311 1196 4363 numerosae
1236 4290 1391 4362 cellulae

194 4419 411 4513 raphidibus
432 4417 536 4491 calcii
555 4417 685 4490 oxalici
703 4419 867 4511 repletae
888 4418 1146 4491 observantur.

304 4564 482 4637 Tinctum.
523 4563 694 4665 Syrupus.
737 4563 922 4638 Troclea.
967 4563 1090 4638 Pulvis
1132 4560 1396 4663 Ipecumaotae

195 4692 343 4795 opiulue.
