3600 5534
663 560 905 635 -173-

181 781 326 856 thinarn
339 780 540 871 redolente,
557 786 621 855 aut
635 780 775 873 polline
786 781 900 873 eoryli
912 782 1143 875 aliarumque
1154 783 1378 875 plantarum,

182 911 253 985 sub
268 909 515 1002 microscopio
530 910 651 981 forma
666 907 886 982 cellularum
901 910 1089 1001 differenti,
1108 930 1230 1003 neque
1246 913 1378 1003 amylo

181 1041 301 1113 forma
321 1058 526 1129 granorum
545 1040 581 1109 et
599 1036 787 1108 reactione
803 1034 884 1127 jndi
903 1034 1008 1109 facile
1029 1036 1286 1111 discernendo

688 1321 873 1430 Manis·

290 1527 476 1624 Myristieo
510 1526 692 1624 fragrans
725 1526 970 1621 Houttuyn,
1021 1529 1132 1601 arbor
1169 1530 1208 1602 in
1245 1530 1379 1604 insulis

181 1657 357 1731 Moluecis
377 1676 561 1729 crescens.
583 1654 852 1752 Myristicooeoe.
1369 1687 1372 1693 ·

290 1786 429 1860 Arillns
440 1807 571 1859 semen
581 1787 781 1876 obducens
791 1807 924 1859 reeens
935 1788 1378 1879 carnosussanguineus

180 1916 343 1988 siccatus
362 1913 513 1988 exhibet
544 1914 711 1987 tunicam
732 1913 1013 2003 subcamosam,
1032 1913 1378 2006 luteo-coccineam,

181 2043 362 2135 fragilem,
390 2041 579 2135 pinguiter
597 2041 784 2131 nitentem,
813 2046 916 2115 tactu
953 2041 1142 2134 pinguem,
1171 2042 1254 2115 basi
1279 2064 1376 2115 eam-

180 2170 364 2263 panulata
399 2170 636 2263 perforatam,
674 2189 828 2242 sursum
864 2170 1028 2255 laceram
1061 2175 1097 2243 et
1129 2170 1379 2261 irregulariter

180 2297 416 2385 multifidam,
443 2295 589 2370 laciniis
614 2295 827 2388 linearibus,
856 2297 961 2390 apice
990 2297 1378 2372 denticulato-incisis

291 2424 450 2498 Obvenit
467 2425 507 2497 in
525 2428 737 2497 mercatura
756 2428 820 2497 aut
837 2425 993 2516 integer,
1027 2424 1279 2519 compressus,
1314 2433 1379 2500 aut

180 2554 221 2627 in
238 2552 471 2645 fragmentis.
512 2551 614 2624 Odor
633 2551 831 2642 peculiaris
862 2556 966 2643 grate
996 2552 1231 2643 aromaticus,
1266 2575 1380 2647 sapor

179 2665 320 2754 fervide
340 2680 578 2753 aromaticae.

290 2810 399 2905 Aqua
417 2807 612 2881 aromatea
630 2806 832 2902 spiritunon.

418 3078 755 3222 Magnesiam
783 3078 1148 3188 narbonioum.

616 3290 826 3395 Magnesia
839 3292 941 3368 alba.

289 3469 417 3542 Massa
435 3470 696 3562 pulverulenta
714 3467 915 3557 levissima,
935 3468 1030 3557 alba,
1051 3469 1088 3539 in
1104 3488 1205 3560 aqua
1224 3469 1299 3541 fere
1318 3469 1372 3541 in-

179 3595 361 3685 solubilis
387 3596 426 3669 in
447 3597 554 3670 acido
572 3596 749 3670 sulfurieo
770 3596 887 3669 diluto
909 3597 979 3669 sub
1001 3595 1281 3669 effervescentia
1301 3596 1375 3668 sol·

180 3723 287 3812 vitur,
309 3724 447 3797 solutio
463 3725 598 3797 coloris
614 3744 758 3817 expers
779 3724 907 3797 addita
920 3723 1095 3811 miscella,
1113 3744 1158 3795 ex
1175 3723 1375 3812 ammonia,

181 3850 371 3923 ammonio
421 3852 590 3925 ehlorato
631 3856 668 3924 et
712 3851 832 3925 natrio
864 3836 1121 3943 phosphorieo
1156 3851 1374 3943 composita,

76 4025 79 4032 .
180 3976 433 4051 sedimentum
452 3979 578 4053 album
597 3980 853 4071 crystallinum
873 3978 1041 4051 demittit.

287 4104 523 4197 Magnesiam
557 4108 799 4180 carbonicum
829 4126 930 4199 aqua
968 4104 1153 4178 destillata
1187 4127 1372 4199 conquas-

179 4237 314 4323 satum,
337 4238 485 4305 coetum
497 4240 533 4307 et
552 4234 731 4307 filtratum
750 4235 934 4328 liquorem
947 4233 1139 4327 praebeat,
1162 4234 1225 4326 qui
1240 4234 1288 4305 ad
1303 4234 1372 4306 sic-

180 4360 1373 4453 eumevaporatus,perexiguumdumtaxatresiduumrelinquat.

288 4488 430 4561 Solutio
464 4510 609 4582 aquosa
629 4510 700 4582 ope
721 4489 815 4562 acidi
845 4490 977 4563 aeetiei
1010 4490 1144 4563 effecta
1176 4509 1245 4562 nee
1274 4508 1374 4580 aqua

178 4615 484 4707 hydrosulfiuata
502 4638 582 4706 nec,
609 4618 642 4689 si
671 4618 904 4690 ammonium
929 4618 1139 4690 chloratum
1167 4624 1203 4691 et
1223 4616 1373 4691 abunde

179 4742 408 4816 ammoniam
423 4743 621 4834 addideris
639 4746 829 4819 ammonio
848 4745 1033 4818 sulfurato
1046 4748 1226 4832 muletam
1243 4743 1374 4817 eadem
