3600 5534
853 542 1093 615 -184-

674 753 917 864 Nutrlum
945 756 1265 863 oromatum.

484 978 614 1051 Pulvis
639 978 888 1069 crystallinus
916 978 1036 1068 albus,
1063 978 1101 1051 in
1129 985 1215 1051 aere
1240 977 1339 1049 sicco
1358 975 1573 1068 persistens,

376 1109 413 1180 in
435 1129 534 1199 aqua
552 1128 620 1179 nec
640 1127 717 1179 non
743 1107 781 1178 in
808 1106 940 1198 spiritu
959 1106 1034 1179 vini
1054 1106 1159 1179 facile
1179 1105 1360 1191 solubilis,
1381 1104 1573 1181 flammam

378 1236 502 1308 colore
521 1235 619 1306 flavo
639 1234 764 1307 inficit.

488 1362 629 1435 Solutio
668 1382 823 1453 aquosa,
861 1361 1060 1433 reaetionis
1099 1361 1282 1449 neutrius
1312 1359 1440 1431 addita
1477 1380 1575 1449 aqua

378 1488 494 1560 chlori
525 1490 686 1560 colorem
712 1488 834 1561 induit
864 1490 977 1561 rubro
997 1488 1148 1575 ssavum,
1184 1489 1246 1579 qul
1280 1485 1574 1579 conquassando

378 1638 463 1689 cun
496 1616 610 1707 guttis
643 1586 786 1708 aliquot
819 1615 1070 1689 curor-osormn
1098 1616 1136 1688 m
1174 1616 1247 1689 hoc
1275 1615 1420 1705 migrat,
1448 1612 1576 1685 ferrera

379 1744 564 1815 solutione
587 1764 734 1835 aquosa
753 1742 935 1817 decolore.

486 1870 613 1942 Pulvis
632 1870 670 1942 in
689 1870 818 1943 tabula
835 1871 1072 1963 porcellanea
1091 1870 1176 1942 alba
1196 1869 1390 1962 dispersus
1412 1874 1449 1940 et
1469 1866 1575 1939 acido

378 1998 554 2070 sulfurico
588 1997 704 2070 diluto
737 1997 980 2071 humectatus
1008 2018 1055 2069 ne
1086 1996 1213 2069 statim
1240 1997 1403 2069 colorem
1437 1994 1576 2067 flavum

378 2122 514 2195 trahat.

489 2251 632 2324 Solutio
666 2274 812 2345 aquosa
838 2274 925 2324 cum
956 2254 1098 2347 aliquot
1123 2252 1236 2345 guttis
1266 2250 1463 2323 solutionis
1491 2247 1576 2320 ferri

380 2379 666 2470 sesquichlorati
695 2380 811 2454 mixta
839 2385 986 2455 etcum
1016 2379 1278 2453 chloroformio
1313 2381 1577 2470 conquassata,

380 2504 467 2577 huic
486 2506 650 2579 colorem
682 2507 891 2581 violaceum
924 2529 972 2581 ne
1006 2508 1154 2581 tribuat.
1189 2505 1330 2579 Eadem
1368 2525 1438 2577 nec
1479 2524 1577 2596 aqua

380 2632 693 2723 hydrosulfurata,
719 2654 789 2705 nec
822 2635 1013 2707 ammonio
1045 2634 1229 2707 sulfurato
1257 2636 1432 2721 mutetur,
1461 2632 1577 2721 baryo

378 2759 510 2831 uitrico
529 2759 590 2831 vix
610 2762 791 2834 turbetur.

488 2886 605 2958 Natrii
624 2888 785 2961 brumali
806 2889 979 2962 exsiccati
999 2888 1293 2981 decigrammata
1312 2888 1388 2960 duo
1413 2886 1452 2959 in
1478 2905 1578 2977 aqua

381 3013 569 3087 destillata
588 3015 722 3103 soluta,
743 3015 870 3087 addito
890 3015 1056 3106 pauxillo
1076 3016 1162 3089 kalii
1185 3015 1373 3104 chromici,
1394 3035 1464 3087 nec
1484 3012 1579 3085 infra

381 3140 612 3232 undeviginti
645 3142 861 3216 centimetra
895 3142 1027 3214 cubica
1056 3144 1254 3215 solutionis
1283 3142 1426 3233 argenti
1462 3137 1579 3211 uitrici

380 3268 611 3341 volumetrici
641 3290 710 3341 nec
733 3270 832 3341 ultra
860 3270 1089 3362 undeviginti
1110 3274 1147 3343 et
1165 3275 1310 3363 septem
1330 3268 1495 3341 decimas
1523 3264 1580 3337 CC

380 3401 507 3487 partes
539 3398 768 3489 (19-19·7
792 3396 864 3488 CC)
892 3403 1131 3488 consumant,
1172 3398 1290 3470 donec
1319 3395 1581 3489 precipitatum

337 3608 340 3615 ¹
381 3525 548 3612 rubrum,
567 3524 828 3616 permiscendo
854 3546 932 3597 non
957 3526 1119 3618 amplius
1146 3546 1391 3614 evanescens
1412 3521 1579 3615 adparet.

661 3846 908 3956 Nutrlum
936 3848 1300 3957 carbonicum.

492 4070 664 4161 Crystalli
679 4071 972 4161 rhomboidaleS,
995 4073 1199 4160 decolores,
1220 4078 1305 4144 aere
1325 4072 1398 4144 cito
1413 4070 1581 4143 fatiscen-

385 4204 453 4287 leS,
492 4220 592 4291 aqua
629 4199 736 4272 facile
770 4200 961 4287 solubiles,
995 4200 1197 4273 reactionis
1238 4198 1430 4271 alcalinae.
1465 4198 1581 4270 Acido

384 4325 563 4398 sulfurico
598 4326 715 4399 diluto
754 4327 1018 4414 effervescunt,
1052 4328 1225 4400 flammae
1265 4326 1445 4399 advectae
1483 4325 1581 4397 hanc

384 4456 508 4528 colore
528 4453 626 4525 flavo
646 4453 824 4525 inficiunt.

493 4580 636 4653 Solutio
661 4601 817 4672 aquosa,
844 4580 952 4654 acido
978 4578 1262 4673 hydrochlorico
1289 4583 1582 4673 supersalurata,

385 4728 452 4779 nec
478 4708 635 4781 odorem
664 4708 764 4798 gasis
790 4708 1081 4799 hydrosulfurati
1109 4714 1173 4781 aut
1208 4709 1384 4781 sulfurosi
1420 4712 1581 4801 spargat,
