3600 5534
848 477 1057 550 ,86-

724 689 961 806 llmnlsio
983 688 1182 798 oleoso.
1308 708 1312 717 '

776 906 954 987 Mixtnra
977 906 1127 983 oloosa.

354 1113 451 1205 Rpe:
492 1107 568 1186 (llei
590 1102 864 1208 lmygtauru·
886 1101 1044 1179 rosontio

896 1236 1098 1326 praumato
1117 1229 1225 1300 decem
1505 1223 1551 1300 10

489 1362 625 1441 Gonni
647 1360 794 1439 loun
814 1356 996 1458 pulverati

897 1492 1098 1580 praumato
1118 1484 1279 1578 quinque.
1528 1484 1551 1555 5

463 1620 564 1692 Bene
585 1617 701 1690 mixta
721 1615 942 1706 subigantur
963 1613 1117 1685 terendo
1137 1633 1223 1685 eum

491 1743 621 1844 Syrflpl
641 1740 817 1840 slnpllols
897 1740 1068 1833 premaris
1087 1739 1206 1810 moeret.
1504 1739 1551 1809 10

464 1874 540 1946 Sub
562 1871 738 1944 continua
758 1869 960 1960 agitatione
981 1867 1130 1940 affunde

492 1998 610 2100 Aquae
630 1993 838 2074 destillatae

899 2128 1098 2220 prorumoto
1113 2127 1242 2191 renbnn
1259 2128 1288 2191 et
1306 2128 1442 2215 sepum-

953 2249 1053 2342 pr'ulo
1074 2248 1226 2344 quinque
1479 2249 1550 2320 175

355 2387 397 2454 ut
416 2381 482 2458 fiat
500 2379 677 2452 Emulsio.

658 2701 1253 2838 Euphorbeum.

639 2928 960 3007 Gummi-resina
984 2927 1272 3028 Euphorbium.

466 3122 675 3218 Ezrplrorbio
696 3123 881 3202 resiur'f'ero
901 3123 1024 3213 Berg,
1044 3122 1175 3214 planta
1192 3123 1231 3194 in
1252 3123 1377 3195 Africa
1396 3123 1553 3195 boreali·

358 3251 580 3323 occidentali
600 3234 784 3340 indigena.
809 3248 1100 3344 Errplrorbioceae.

468 3378 610 3449 Sueeus
644 3378 797 3464 lacteus,
838 3385 923 3448 a'ere
949 3375 1143 3448 induratus
1165 3355 1270 3448 'sistit
1298 3377 1555 3450 collectionem

356 3505 600 3577 frustulorum
621 3525 770 3576 massae
792 3503 930 3589 arillae,
952 3523 1119 3593 asperae,
1146 3503 1442 3595 subdiaplranae,
1474 3527 1554 3577 sor-

358 3631 445 3704 dide
466 3632 667 3718 subtlavae,
689 3630 852 3716 friabilis,
874 3651 969 3723 quae
989 3629 1124 3721 partim
1140 3630 1298 3702 offerunt
1318 3632 1457 3703 formas
1478 3632 1553 3704 sin·

358 3758 521 3850 gulares:
544 3758 896 3849 globoso-trigonae,
913 3757 1014 3829 intus
1030 3777 1153 3846 cavae,
1168 3779 1245 3830 non
1265 3780 1349 3829 raro
1365 3759 1556 3850 spinulam

357 3887 537 3958 bifurcam
576 3885 820 3972 includentes
869 3889 934 3956 aut
976 3884 1381 3975 cylindratoolavatas
1420 3887 1557 3980 partim

357 4011 517 4083 laminas
546 4017 679 4084 tenues
709 4019 936 4100 enrstaceaS,
966 4010 1190 4083 intermixtis
1221 4012 1380 4085 diversis
1404 4014 1555 4105 plantae

359 4137 530 4230 partibus
551 4143 588 4209 et
607 4137 837 4230 fragmentis

468 4264 725 4357 Euphorbium
746 4269 803 4338 est
831 4265 979 4358 saporis
1008 4266 1171 4358 primurn
1189 4265 1393 4358 perexigui,
1419 4266 1554 4340 deinde

358 4391 537 4478 acerrimi,
557 4393 727 4479 eaustiei;
744 4393 980 4486 pulveratum
994 4398 1332 4466 sternutamentum
1355 4395 1554 4467 vehemen-

360 4519 551 4592 tissimum
571 4521 716 4610 excitat,
737 4520 824 4592 hinc
843 4521 966 4613 pulvis
986 4526 1092 4592 caute
1112 4521 1315 4611 parandus,

469 4643 711 4738 Emplastrmn
738 4646 993 4720 Cauilraridmn
1008 4655 1225 4740 perpetuum.
