3600 5534
697 516 910 591 ..65-

603 836 1002 983 Colophonium.

317 1060 401 1134 Pici
442 1063 600 1158 speclea,
632 1062 803 1156 inprimis
837 1061 951 1135 Pinus
981 1061 1127 1135 Loricio
1161 1063 1331 1137 Poiret
1366 1070 1403 1138 et

202 1188 317 1260 Pinus
348 1189 513 1262 sdvmtris
549 1189 682 1279 Liun,
728 1189 882 1262 arbores
923 1189 1121 1282 indigenae
1163 1189 1398 1264 notissimae.

209 1315 404 1412 Coniferac.
427 1315 637 1391 Alucinare.

278 1505 283 1515 .
309 1445 451 1517 Resina
472 1447 554 1519 oleo
574 1444 864 1520 Terebinthinae
894 1467 941 1518 ex
967 1450 1047 1520 toto
1074 1445 1241 1520 liberata.
1271 1448 1399 1522 Massa

203 1573 306 1662 dura,
327 1574 469 1666 fragilis
485 1575 727 1667 friabilisque,
742 1575 906 1648 fractura
924 1573 1185 1664 laticonchata,
1200 1576 1399 1668 splendore

202 1702 275 1773 lere
295 1702 424 1790 vitree,
455 1693 577 1777 colore
604 1704 716 1794 vulgo
744 1702 981 1792 ssavo-fusco,
1010 1702 1174 1796 limpida,
1203 1703 1398 1795 pellucida,

203 1830 397 1922 amorpha.

309 1956 350 2029 ln
383 1958 517 2030 balneo
551 1977 672 2049 aquae
702 1956 979 2050 Colophonium
1010 1957 1196 2049 liquorem
1227 1963 1399 2032 tenacem

200 2085 398 2177 limpidum
427 2085 548 2172 efficit,
577 2085 641 2178 qui
670 2085 791 2177 magis
820 2085 1044 2158 fervefactus
1074 2106 1232 2178 vapores
1257 2088 1398 2179 ponde·

198 2234 307 2286 rosos
341 2213 457 2302 albos,
493 2213 619 2287 odoris
653 2213 846 2286 balsamici
881 2213 1024 2286 emittit.
1065 2211 1197 2287 Calore
1242 2214 1316 2288 600
1358 2214 1397 2287 in

198 2341 364 2434 pondere
394 2342 542 2434 aequali
570 2346 606 2414 et
635 2341 789 2435 spiritus
817 2341 893 2413 vini
928 2346 964 2414 et
997 2341 1094 2413 acidi
1133 2341 1261 2414 acetici
1297 2341 1397 2416 lente

199 2468 367 2543 solvitur.

308 2613 553 2710 Emplastrum
573 2613 810 2687 adtaaivom.
829 2611 1077 2709 Emplastrum
1092 2613 1287 2710 Diucdylon
1307 2637 1398 2686 com·
1522 2607 1527 2618 ’

191 2747 363 2840 positum.
384 2741 630 2836 Emplastrum
650 2739 802 2814 Metina.
825 2740 1071 2838 Emplastrum
1089 2765 1317 2837 onycroccum.

516 3061 712 3174 Cortex
738 3061 1087 3174 Casuarillac.

313 3289 442 3364 Orotoa
473 3288 635 3362 illatoris
673 3289 876 3372 Bennett,
922 3288 1045 3361 frutex
1079 3286 1323 3359 arborescens
1357 3287 1395 3359 in
1525 3386 1531 3396 ι

198 3419 332 3494 insulis
365 3395 576 3507 Antillanis,
615 3416 834 3510 praesertim
854 3413 1171 3488 Bahamensibus
1209 3434 1394 3488 crescens.

200 3545 489 3644 Euphorbium.

306 3675 442 3748 Cortex
469 3673 589 3748 trunci
615 3679 651 3747 et
669 3694 860 3747 ramorum
880 3674 1043 3746 siccatus
1068 3671 1167 3744 sistit
1185 3671 1396 3763 fragmenta

198 3803 400 3877 convoluta
418 3807 484 3875 aut
503 3801 759 3891 canaliculato,
773 3802 993 3896 plerumque
1012 3799 1139 3872 miuus
1165 3819 1278 3890 quam
1297 3798 1393 3871 deci-

197 3936 360 4006 metrum
369 3931 483 4020 longa
494 3933 530 4002 ct
540 3927 797 4002 centimetrum
811 3929 897 4017 lata,
909 3949 1028 4000 unum
1038 3925 1086 3998 ad
1097 3926 1173 3999 duo
1184 3925 1396 3999 millimetra

198 4079 337 4146 crassa,
356 4054 604 4149 peridermate
623 4055 737 4145 tenui,
764 4059 871 4129 extus
890 4055 1004 4147 vulgo
1033 4053 1262 4141 candicante,
1289 4053 1394 4127 rimis

199 4183 410 4260 decussatis
443 4184 599 4274 sulcato,
633 4205 745 4277 saepe
775 4183 857 4275 jam
887 4182 1024 4277 partim
1058 4181 1223 4275 delapso,
1261 4181 1395 4256 cortice

197 4314 290 4389 locis
311 4312 510 4386 denudatis
532 4311 668 4386 coloris
688 4333 708 4384 c
727 4312 848 4404 griseo
862 4311 922 4384 vel
936 4309 1118 4385 subviridi
1132 4309 1238 4397 fusci,
1256 4310 1396 4402 pariter

197 4443 337 4517 rimoso
349 4444 414 4515 aut
422 4439 742 4532 longitudiualiter
749 4461 900 4532 rugoso,
915 4439 1079 4512 fractura
1093 4437 1252 4529 aequali,
1267 4436 1394 4510 odoris

199 4569 398 4664 peculiaris
414 4567 614 4656 aromatici,
635 4567 782 4660 saporis
798 4566 916 4640 amari
932 4571 969 4639 et
983 4565 1185 4638 aromatici.
1201 4561 1394 4639 Accensus

201 4703 323 4772 cortex
342 4697 488 4771 fumum
508 4695 649 4789 spargit
667 4694 811 4768 Moschi
832 4695 948 4768 odore
968 4714 1129 4786 gravem.
1159 4691 1202 4766 Iu
1227 4691 1393 4765 sectione

252 4837 446 4890 Pharmucopoaa
1178 4835 1195 4887 5
