3600 5534
732 572 973 643 -163-

358 796 490 869 Intime
508 795 627 867 mixta
645 794 682 866 in
702 792 888 865 crucibulo
909 792 1145 884 porcellaneo
1160 796 1257 866 tecto
1277 793 1350 866 leni
1361 793 1446 884 igne

249 925 470 1017 liquescant,
486 923 605 994 donec
621 920 901 993 effervescentia
916 923 1068 1010 peraeta
1084 940 1215 991 massa
1229 922 1447 1012 transquille

250 1052 342 1124 fluat
360 1054 397 1123 et
415 1049 536 1143 portio
552 1054 727 1139 exempta
741 1048 779 1119 in
796 1046 942 1119 duabus
957 1048 1127 1139 portibus
1144 1068 1265 1139 aquae
1285 1049 1447 1139 perfecte

250 1179 431 1250 solvatur.
454 1176 552 1249 Tum
572 1197 739 1247 massam
759 1174 910 1247 effunde
931 1179 968 1246 et
985 1175 1241 1265 refrigeratam
1262 1176 1388 1249 statim
1408 1176 1446 1247 in

250 1327 342 1378 vase
360 1306 455 1377 bene
474 1302 682 1377 claudendo
703 1324 824 1375 serva.

361 1431 416 1504 Sit
434 1430 568 1504 coloris
589 1451 608 1501 e
628 1431 732 1503 lusco
752 1430 882 1517 citrini,
912 1428 1190 1521 hydrogenium
1218 1430 1447 1504 sulfuratum

250 1560 437 1649 redolens
466 1559 505 1631 in
532 1580 632 1650 aqna
652 1562 688 1628 et
707 1558 841 1649 spiritu
868 1557 942 1629 vini
962 1556 1071 1631 facile
1092 1556 1261 1631 solubile.
1302 1556 1445 1631 Solutio

252 1709 409 1781 aquosa,
431 1687 537 1759 acido
558 1685 695 1758 acetico
717 1685 833 1757 ‹liluto
858 1687 1153 1777 supersaturota,
1174 1683 1447 1777 hydrogenium

252 1816 479 1888 sulfuratum
517 1814 715 1887 secedente
749 1813 889 1885 sulfure
924 1810 1068 1901 evolvit,
1113 1810 1303 1902 liltratum,
1339 1812 1446 1886 acido

251 1942 425 2016 tartarico
452 1941 589 2030 addite,
624 1941 875 2013 sedimentum
914 1942 1041 2013 album
1084 1939 1343 2029 crystallinum
1382 1939 1444 2016 de·

251 2071 373 2145 mittit.

387 2446 597 2556 llolinm
623 2444 948 2559 sulfuratum
975 2478 1075 2590 pro
1103 2445 1315 2557 balneo.

362 2708 478 2780 Simili
498 2708 611 2781 modo
631 2732 650 2781 e
670 2709 764 2781 Kalii
784 2708 968 2781 carbonici
988 2707 1091 2780 crudi
1112 2708 1280 2799 partibus
1302 2710 1449 2783 duabus

252 2841 288 2909 et
317 2836 475 2908 Suliuris
504 2834 695 2909 sublimati
716 2841 820 2928 parte
849 2857 926 2908 una
960 2840 1114 2927 paretur
1147 2840 1184 2907 et
1217 2842 1387 2909 servetur
1407 2842 1449 2911 ut
1518 2808 1524 2817 '

251 2964 398 3037 Kalium
417 2963 652 3037 sulfuratum.

180 3068 183 3071 ’
361 3091 416 3164 Sit
435 3090 599 3163 maxima
626 3096 731 3183 parte
761 3092 798 3163 in
828 3114 930 3183 aquo
960 3090 1129 3165 solubilis
1160 3096 1197 3163 et
1215 3092 1390 3183 praebeat
1408 3094 1448 3165 li-

253 3240 410 3313 quorem
418 3218 705 3311 opalescentcm
716 3220 925 3307 alcalinum,
939 3218 1212 3311 lrydrogenium
1224 3219 1449 3293 sulfuratum

252 3347 493 3435 redolentem,
519 3345 654 3419 coloris
675 3367 695 3419 e
715 3348 812 3419 flavo
834 3346 972 3419 viridis

361 3472 542 3547 Servetur
557 3496 649 3547 vase
669 3474 808 3567 optime
828 3476 969 3547 clauso.

736 3850 977 3961 llomola.

361 4112 529 4185 Mallotes
549 4112 828 4207 Pltilrssymc‘ncnmls
843 4112 1003 4185 Mnllcr
1027 4112 1138 4203 Arg,
1165 4114 1274 4185 arbor
1293 4113 1332 4185 in
1347 4110 1451 4185 India
1531 4162 1533 4169 ν

253 4241 423 4313 orientali
442 4240 619 4312 letissime
640 4240 847 4312 distributa.
869 4239 1161 4334 Enplorhioreoc.

361 4367 1450 4459 Indumentnmglanduloso-pilosumcapsularnmarboris,

254 4496 458 4569 deterendo
474 4501 703 4588 separatum.
723 4496 851 4568 Pulvis
868 4496 1026 4583 subtilis,
1045 4496 1136 4567 levis
1149 4497 1356 4589 mollisque,
1373 4520 1449 4569 non

255 4624 484 4716 glutinosus,
520 4622 773 4712 rubiginosum
813 4622 1036 4694 intermixtis
1069 4624 1303 4715 portionibus
1341 4625 1450 4695 luteis

255 4756 320 4824 aut
339 4749 574 4837 aurantiacis,
606 4749 729 4821 odoris
750 4753 786 4821 et
806 4750 954 4841 saporis
975 4772 1120 4841 erpere,
1153 4751 1224 4823 sub
1246 4749 1367 4839 digitis
1389 4755 1453 4821 aut

1238 4887 1288 4941 11*
