3600 5534
721 502 965 575 -259-

347 720 460 795 Gutta
484 720 682 793 solutionis
712 720 839 792 acidae
867 718 906 791 in
936 720 1075 792 lamina
1102 719 1267 812 platinea
1287 720 1436 809 stillata,

238 848 383 939 adiecto
409 848 565 940 granulo
590 847 683 921 zinci
707 846 883 920 metallici
907 847 1006 919 hanc
1033 848 1181 923 macula
1209 848 1316 940 nigra
1341 849 1434 921 anti·

237 975 363 1049 monio
383 975 537 1049 reducto
558 974 753 1048 efformata
772 974 936 1046 obducit.

309 1262 907 1399 Slmchmmom
940 1260 1362 1374 nimbum.

346 1484 519 1576 Crystalli
535 1484 703 1577 graciles
719 1484 837 1569 albae,
858 1484 1000 1556 sericeo
1016 1483 1268 1576 splendentes
1289 1485 1437 1577 saporis

237 1612 471 1701 amarissimi,
492 1612 530 1685 in
550 1634 649 1704 aqua
669 1617 705 1686 et
734 1610 866 1704 spiritu
885 1612 962 1683 vini
981 1610 1151 1684 bullienti
1170 1610 1288 1699 facile,
1309 1610 1436 1683 diffici-

236 1740 308 1814 lius
327 1740 365 1813 in
384 1760 483 1833 aqua
503 1744 540 1813 et
567 1738 699 1831 spiritu
719 1738 794 1812 vini
814 1737 958 1830 frigido,
986 1759 1056 1810 nec
1085 1738 1220 1810 nonin
1247 1738 1436 1829 glycerino

237 1866 426 1940 solubiles,
467 1866 609 1940 Solutio
644 1887 789 1959 aquosa
827 1866 997 1938 chartam
1035 1864 1322 1958 exploratoriam
1359 1887 1436 1938 uon

236 2000 364 2081 mutat,
404 1994 530 2067 addito
559 1994 657 2066 kalio
686 1994 969 2085 hydrooxydato
999 1994 1124 2067 soluto
1152 1992 1436 2084 praecipitatum

236 2122 371 2198 album.
406 2121 735 2213 superabundante
788 2126 964 2212 reagente
1011 2120 1221 2206 insolubile,
1270 2119 1433 2211 deponit.

237 2249 441 2341 Crystallus
462 2248 675 2340 Strychnini
701 2248 833 2336 uitrici,
862 2250 900 2321 in
930 2249 1079 2323 acidum
1105 2248 1436 2340 hydrochloricum

237 2377 419 2451 ebulliens
447 2376 635 2467 immersa,
670 2375 757 2448 huic
791 2376 953 2448 colorem
982 2376 1134 2449 rubmrn
1169 2376 1311 2461 tribuit;
1351 2396 1436 2448 cum

236 2505 341 2579 acido
353 2504 530 2577 sulfurico
542 2508 781 2576 concentrato
797 2503 1025 2575 solutionem
1040 2504 1250 2576 decolorem
1265 2504 1419 2597 praebet
1425 2523 1434 2589 ;

236 2652 320 2705 cum
354 2630 460 2704 acido
490 2632 622 2705 uitrico
643 2630 800 2703 contrita
829 2631 991 2701 colorem
1021 2630 1241 2717 subflavum,
1270 2652 1317 2703 ne
1346 2651 1434 2704 vero

235 2758 387 2832 rubmm
407 2758 589 2833 exhibeat.

343 2886 485 2960 Solutio
510 2906 656 2978 aquosa
684 2891 934 2975 conceutrata,
964 2884 1090 2957 addito
1119 2883 1217 2956 kalio
1247 2883 1434 2956 chromico

236 3014 368 3105 soluto,
387 3013 671 3106 praecipitatum
691 3013 849 3086 demittit
868 3012 981 3085 rubro
1006 3012 1144 3083 ssavum
1165 3009 1434 3102 crystallinum,

236 3142 335 3233 quod
364 3140 472 3213 acido
503 3140 679 3213 suliurico
706 3144 944 3213 concentrato
973 3138 1239 3226 humectatum,
1270 3137 1433 3210 colorem

237 3268 449 3342 caeruleum
469 3269 515 3341 ad
535 3268 743 3341 violaceum
763 3268 875 3339 ducit.

342 3394 500 3487 Ignitum
520 3396 708 3486 deflagret‚
729 3394 821 3467 nihil
840 3393 978 3466 residui
997 3392 1223 3483 relinquens,

598 3679 796 3819 Styrus
823 3677 1078 3820 liquidus.

343 3904 605 4001 Mquidumbut·
624 3904 804 3975 orientalis
824 3904 980 3990 Miller,
1001 3902 1114 3975 arbor
1133 3901 1245 3973 Asiae
1265 3900 1431 3974 minoris,

234 4031 530 4105 Hamomelc'deae.

340 4160 568 4247 Balsamum,
608 4182 626 4231 e
658 4160 793 4233 cortice
822 4163 1097 4251 praeparatum,
1138 4156 1236 4228 sistit
1265 4176 1432 4228 massam

233 4286 558 4378 tenaci-liquidam,
575 4288 810 4378 glutinosam,
822 4286 861 4357 iu
876 4307 975 4376 aqua
991 4284 1269 4374 demergentem
1290 4287 1327 4354 et
1346 4304 1431 4355 cum

232 4414 396 4508 pauxillo
426 4434 545 4506 aquae
583 4416 816 4507 permixtam,
851 4412 1049 4497 turbidam,
1090 4410 1224 4483 coloris
1254 4430 1274 4483 e
1308 4410 1430 4501 griseo

233 4540 488 4629 luscescentiS,
501 4540 628 4614 odoris
639 4541 845 4635 peculiaris,
855 4538 1219 4630 fragrantissaporis
1230 4535 1429 4624 aromatici,

234 4669 557 4743 subamaricantis.

1162 4804 1211 4857 ιτ*
