3600 5534
859 526 1096 597 -RRS-

374 744 522 834 crassis
544 743 739 835 superficie
756 765 903 834 rugosa,
924 741 1040 814 fusca.
1062 740 1184 814 Sectio
1207 747 1422 812 transversa
1435 738 1572 812 radicis

374 872 502 961 durae,
513 872 839 960 resinoso-nitens‚
857 870 1005 943 exhibet
1019 875 1178 942 stratum
1193 869 1365 941 corticalc
1377 873 1437 940 sat
1445 868 1572 957 latum,

373 1020 418 1071 ex
447 998 568 1070 albido
599 1000 826 1085 luscescens,
855 997 1023 1090 pluribus
1055 996 1297 1089 receptaculis
1325 995 1573 1067 balsamiseris

373 1126 586 1199 atro-luscis
605 1130 826 1217 punctatum
846 1132 883 1198 et
900 1126 1043 1216 lignum
1063 1145 1195 1216 grosse
1215 1123 1385 1195 radiatim
1401 1129 1573 1197 notatum

373 1252 560 1325 fasciculis
574 1252 733 1343 lignosis
749 1252 920 1344 angustis
936 1252 1113 1324 subflavis
1125 1258 1161 1323 et
1176 1250 1291 1323 radiis
1307 1251 1573 1324 medullaribus

373 1379 576 1471 latioribuS,
589 1401 635 1451 ex
645 1379 770 1451 albida
781 1379 924 1471 griseis,
936 1379 1061 1451 itidem
1071 1379 1314 1471 receptaculis
1326 1378 1574 1451 balsamileris

372 1506 576 1579 instructis.

480 1652 614 1742 Radix,
634 1675 680 1725 ex
696 1659 775 1725 toto
792 1653 916 1745 amylo
938 1675 1082 1742 carens,
1105 1658 1163 1725 est
1180 1654 1354 1737 inodora;
1377 1652 1573 1724 masticata

373 1780 630 1875 sensationem
677 1782 754 1852 fere
784 1781 989 1853 causticam
1018 1782 1199 1873 producit,
1230 1780 1386 1851 salivam
1422 1778 1572 1870 copiose

372 1908 486 1982 ciens

485 2053 653 2125 Tinctum
674 2052 871 2149 Spitunthis
890 2053 1092 2149 corrcpositu.

710 2484 887 2593 Radix
914 2484 1236 2593 Ratanbiae.

481 2727 673 2799 Kremnia
694 2726 858 2799 tripudiu
884 2728 994 2799 lluiz
1015 2732 1049 2799 et
1070 2728 1229 2817 Paron,
1260 2728 1389 2818 planta
1408 2728 1572 2800 suffrati-

373 2878 463 2927 cosa
487 2856 525 2927 in
543 2856 702 2928 Peruvia
721 2874 909 2928 crescens
931 2854 1192 2951 Lepuminosoe.
1221 2854 1517 2949 t'ocsalpinuccac.

481 3000 642 3073 Radices
661 3002 843 3091 lignosae,
863 3000 1005 3091 longae,
1037 3000 1111 3072 imo
1143 2999 1395 3090 longissimae,
1426 3022 1522 3091 quae
1552 3024 1575 3074 a

373 3132 503 3198 trunco
520 3128 715 3218 crassiore,
736 3127 896 3214 nodoso,
917 3126 1131 3219 multicipite
1152 3126 1327 3215 oriuntur,
1340 3127 1572 3218 cylindricac,

372 3255 571 3341 llexuosae,
601 3254 648 3326 ad
678 3276 795 3327 unum
824 3258 861 3326 et
887 3254 1081 3325 dimidium
1120 3253 1380 3325 centimetrum
1413 3276 1572 3345 crassae,

373 3382 506 3452 cortice
527 3381 630 3453 tacite
643 3380 853 3473 separabili,
874 3387 982 3453 extus
1000 3381 1159 3453 obscure
1181 3382 1322 3453 elnsco
1342 3382 1465 3469 rubro,
1487 3384 1572 3454 sub·

372 3508 511 3599 glabro,
547 3509 761 3599 subrugoso
798 3509 857 3580 vel
895 3508 1119 3598 subrimat0‚
1154 3508 1190 3579 in
1221 3508 1384 3580 fractura
1412 3510 1573 3619 breviter

371 3636 521 3725 libroso,
551 3636 697 3727 saporis
717 3636 826 3707 valde
847 3636 1122 3725 adstringentis
1152 3636 1353 3707 subamari.

479 3780 521 3853 In
551 3781 717 3853 sectione
746 3786 964 3853 transversa
991 3782 1134 3872 lignum
1163 3784 1408 3873 compactum,
1439 3782 1569 3855 ocbro-

371 3908 519 3980 leucum
537 3910 596 3981 vel
617 3909 949 3997 subrubicundum,
983 3907 1097 3981 radiis
1128 3907 1395 3979 medullaribus
1426 3909 1569 3982 subtili-

373 4035 455 4125 bus,
476 4036 711 4108 densissimis
742 4042 779 4108 et
807 4036 957 4109 orificiis
986 4056 1164 4108 vasorum
1194 4034 1335 4125 exiguis
1356 4037 1570 4110 numerosis

371 4168 554 4252 ornatum,
571 4162 839 4235 circumdatum
856 4168 915 4236 est
930 4163 1063 4236 cortice
1085 4162 1225 4233 elnsco
1245 4163 1367 4251 rubro,
1389 4165 1570 4255 sexduplo

371 4289 549 4363 tenuiore.

478 4435 600 4507 Radix
625 4436 760 4507 cortice
790 4432 922 4506 orbata
951 4456 1069 4525 aeque
1100 4456 1142 4505 ac
1172 4435 1277 4506 radix
1298 4435 1454 4506 aliarum
1477 4432 1570 4507 Kra-

368 4563 501 4634 mcriae
520 4563 728 4655 specierum
746 4560 908 4634 vitanda.

479 4706 699 4780 Exn-auum.
725 4706 904 4780 Tinctum.
