3600 5534
856 530 906 541 -
940 486 1100 561 b08—

487 706 640 797 Lagena
659 706 791 777 clausa
811 711 911 778 stent
937 705 1090 797 saepius
1118 704 1425 795 conquassanda
1454 704 1577 777 donec

380 835 482 907 color
502 833 699 907 sedimenti
719 832 758 905 iu
778 832 905 905 album
925 836 1093 905 mutatus
1114 831 1224 905 inerit
1253 836 1291 903 et
1320 832 1455 923 exigua
1483 854 1576 905 non-

380 962 452 1035 nisi
472 961 664 1054 quantitas
679 982 757 1033 nou
777 960 902 1033 soluta
920 964 1125 1033 remaneat.

488 1090 628 1182 Liquor
645 1089 805 1162 filtratus
827 1088 864 1159 in
884 1110 975 1161 vase
995 1089 1089 1160 bene
1110 1090 1240 1161 clauso
1261 1094 1441 1162 servetur.

491 1218 544 1290 Sit
564 1216 752 1310 limpidus,
775 1217 936 1305 decolor,
956 1216 1156 1289 reaetionis
1177 1217 1368 1305 alcaliuae,
1396 1217 1576 1309 ponderis

381 1345 542 1438 specifici
572 1344 820 1417 rna-lul.
850 1343 1126 1435 Supperaddita
1155 1346 1344 1417 ammonia
1372 1344 1493 1437 liquor
1520 1344 1575 1417 fil-

381 1478 501 1546 tratus
523 1472 674 1545 decolor
693 1477 855 1545 maneat

490 1600 598 1695 Aqua
610 1598 803 1695 plumbino.
834 1600 942 1695 Aqua
968 1597 1151 1671 Gotdordl'.

645 1830 924 1957 Plumbum
952 1849 1313 1958 sarbonioum.
1379 2016 1381 2021 λ

890 2040 1079 2121 Cerussa.

491 2219 617 2292 Pulvis
644 2219 893 2311 ponderosae,
923 2218 1152 2307 albissimus
1181 2218 1218 2289 in
1238 2239 1338 2310 aqna
1358 2220 1579 2310 insolubilis

384 2350 421 2420 in
442 2347 549 2420 acido
569 2347 710 2420 aeetico
735 2346 814 2419 sive
841 2347 973 2419 uitrico
1002 2347 1072 2420 sub
1103 2346 1384 2419 effervescentia
1413 2347 1578 2421 solvitur.

385 2476 527 2547 Solutio
543 2474 698 2546 obtenta
706 2474 827 2546 natrio
842 2474 1127 2565 hydrooxydato
1141 2473 1424 2566 praecipitatum
1439 2474 1579 2561 album,

383 2602 421 2675 in
455 2602 536 2693 ejus
570 2623 729 2673 excessu
763 2602 933 2689 solubile,
974 2602 1094 2689 elficit,
1130 2599 1276 2690 adjecta
1309 2622 1409 2692 aqua
1442 2601 1577 2693 hydro·

385 2730 567 2803 sulfurato
604 2729 761 2819 nigrum,
801 2729 908 2801 acido
947 2729 1125 2802 sulfurioo
1164 2728 1290 2800 album
1329 2728 1579 2802 sedimentum

384 2858 550 2929 demittit.

495 2985 548 3057 Sit
567 2986 673 3057 acido
693 2986 824 3058 nitrico
845 3006 946 3077 aqua
971 2984 1097 3077 diluto,
1128 2989 1193 3055 aut
1220 2984 1331 3076 plane
1361 2990 1425 3057 aut
1448 2984 1580 3076 exiguo

384 3114 535 3187 nonnisi
556 3113 704 3185 residuo
724 3114 851 3186 relicto
872 3110 1049 3184 solubilis.
1082 3111 1226 3183 Solutio
1253 3132 1341 3203 gase
1362 3110 1578 3203 hydro-sul-

384 3244 504 3313 furato
525 3241 740 3313 abundante
760 3240 1004 3332 praecipitata
1024 3244 1059 3310 et
1078 3238 1225 3328 filtrata,
1242 3240 1364 3311 natrio
1380 3238 1580 3311 carbonico

385 3372 670 3462 supersaturata
687 3390 735 3441 ne
756 3368 939 3440 turbetur.

494 3496 654 3588 Ignitum
669 3496 865 3569 minimum
880 3494 1068 3584 octoginta
1084 3494 1246 3588 quinque
1263 3495 1308 3567 de
1324 3500 1473 3568 centum
1494 3516 1580 3587 par·

387 3626 484 3697 tibus
504 3624 647 3716 plumbi
668 3623 819 3715 oxydati
839 3621 1035 3715 relinquat.

493 3751 736 3847 Etnploslrum
761 3750 938 3823 (lernaeae.
976 3748 1193 3847 unquentum
1218 3750 1390 3822 Cerauno.

468 4037 748 4146 Plumbum
773 4034 1240 4179 hyperoxyrlatum
1266 4036 1505 4151 rubrum.

892 4228 1072 4307 Minium.

493 4406 621 4479 Pulvis
635 4406 758 4495 ruber,
771 4406 811 4477 in
826 4427 926 4498 aqna
940 4404 1158 4494 insolubilia,
1172 4404 1279 4477 acido
1294 4402 1581 4496 hydrochlorioo

388 4534 554 4607 adunato
588 4533 758 4606 chlorum
793 4533 977 4622 emittens,
999 4532 1210 4605 sedimento
1244 4532 1329 4605 albo
1364 4530 1581 4624 crystallino

386 4662 528 4737 effecto,
