3600 5534
706 574 944 645 -197-

224 791 263 862 in
282 790 424 862 massis
442 789 565 862 forma
584 780 744 865 laterum
764 798 1024 883 angustorum.
1056 791 1191 864 coloris
1214 778 1420 865 aurantiaci

226 922 292 989 aut
309 916 634 991 rubicundo-lusci
655 924 692 993 et
711 919 824 992 albidi
845 920 1035 1010 variegati,
1052 906 1421 1011 crystallino-grauu-

224 1044 360 1132 losum,
380 1044 507 1118 odoris
527 1050 564 1119 et
583 1046 733 1139 saporis
752 1047 911 1120 seminis
931 1046 1154 1138 Myristicae.

334 1170 466 1245 Calore
499 1194 633 1247 versus
666 1174 719 1246 45
734 1177 752 1211 ⁰
791 1174 840 1248 ad
863 1175 1049 1267 liquorem
1079 1194 1098 1246 e
1127 1174 1234 1245 fusco
1254 1173 1420 1261 rubrum,

225 1320 303 1371 non
329 1300 440 1392 plane
470 1299 662 1393 limpidum
683 1302 866 1394 liquescit,
895 1301 935 1373 in
962 1302 1122 1387 aethere,
1143 1300 1275 1393 spiritu
1291 1300 1365 1372 vini
1386 1306 1423 1373 et

230 1426 495 1500 chloroformio
523 1428 680 1501 ferventi
712 1429 824 1521 plane
859 1428 1031 1517 solubile,
1061 1428 1300 1501 solummodo
1334 1427 1421 1499 resi-

227 1554 344 1627 duum
362 1556 618 1646 perexiguum,
649 1578 668 1628 e
701 1554 942 1648 paucissimis
964 1555 1074 1646 amyli
1110 1555 1246 1645 granis,
1281 1555 1423 1627 cellulis

227 1682 396 1754 discretis
432 1687 497 1755 aut
529 1682 719 1774 particulis
755 1683 850 1754 telae
885 1682 1040 1754 seminis
1074 1682 1285 1773 Myristicae
1320 1704 1419 1753 coru·

226 1809 391 1901 positum
410 1808 637 1902 relinquens.
1054 1814 1057 1821 “

618 2203 801 2313 llleunr
826 2200 1032 2316 (llirue.

336 2446 365 2518 E
379 2446 560 2520 fructibus
572 2434 885 2541 Oleeruropoeoe
900 2445 1057 2539 (Lirin.)
1069 2468 1137 2539 per
1147 2444 1427 2538 expressionem

228 2573 398 2665 frigidam
433 2575 628 2649 obtentum
661 2576 787 2648 oleum
824 2575 972 2666 pingue,
1013 2574 1059 2646 ad
1095 2594 1209 2647 usum
1237 2572 1426 2646 internum

229 2702 378 2775 nonnisi
393 2701 638 2795 purissimum
653 2702 937 2791 admittendum,
950 2701 1085 2775 coloris
1101 2701 1188 2774 flavi
1208 2701 1266 2773 vel
1281 2722 1301 2774 e
1316 2700 1425 2773 viridi

230 2829 327 2917 ilari,
366 2827 518 2921 saporis
556 2829 669 2917 mitis
705 2828 832 2902 odoris
870 2829 965 2902 levis
1002 2826 1210 2920 peculiaris
1248 2827 1426 2921 ponderis

231 2956 395 3049 specifici
428 2956 735 3029 oum-oete.
774 2956 905 3029 Calore
945 2954 1088 3028 circiter
1125 2956 1202 3027 100
1243 2955 1427 3047 rigescere

229 3083 372 3176 incipit,
393 3084 517 3157 calore
532 3082 581 3157 0Ο
606 3084 654 3156 ad
669 3105 838 3156 massam
856 3083 1018 3155 solidam
1037 3080 1243 3175 spissescit.
1315 3184 1318 3189 Α

336 3211 468 3283 Partes
488 3210 702 3303 quindecim
721 3210 792 3284 olei
813 3231 897 3281 cum
927 3209 1099 3302 partibus
1130 3210 1284 3308 duabus,
1305 3232 1427 3304 aquae

231 3345 267 3411 et
297 3338 418 3411 tribus
453 3338 550 3412 acidi
582 3339 703 3411 uitrici
742 3336 921 3441 fumantis
949 3338 1240 3431 conquassanda
1276 3338 1425 3427 mixtae,

231 3467 393 3539 colorem
411 3466 567 3541 rubrum
586 3467 644 3538 vel
664 3466 813 3537 fuscum
833 3486 881 3535 ne
900 3464 1125 3555 producant.

337 3591 585 3689 Emplastrum
605 3592 838 3665 adhaesicum.
865 3589 982 3682 Ernpl.
1010 3591 1279 3664 Cantharidum.
1311 3590 1430 3691 Empl,

237 3720 410 3793 Gerasam.
442 3720 558 3817 Empl.
582 3719 738 3793 Metitort
765 3718 880 3813 Enipi.
908 3718 1028 3790 Mucii.
1064 3719 1177 3814 Empl.
1206 3727 1428 3815 saponariam.

232 3847 469 3921 [deciment-um
493 3848 756 3920 ammoniatam.
787 3846 907 3918 Oleum
931 3846 1196 3942 carrrpltomlum
1225 3852 1256 3915 et
1276 3846 1428 3942 Hyoscp·

233 3977 305 4047 ami
321 3976 492 4070 foliorum
511 3983 652 4048 coctum.
680 3975 900 4072 Unprrmtum
922 3972 1129 4069 Diuclrplou.

433 4428 439 4439 ·
488 4370 671 4479 llleum
697 4369 816 4479 Pini
843 4369 1172 4479 Pumiliouis

339 4612 542 4685 Eramulis
563 4614 699 4686 foliatis
734 4611 821 4683 Pici
840 4611 1055 4683 Pumillonis
1085 4611 1323 4707 (Haencke)
1362 4633 1429 4702 per

234 4740 516 4813 destillationem
535 4746 707 4833 paratum
728 4739 850 4811 (ileum
877 4740 1103 4827 aethereum,
1126 4741 1173 4810 sit
1195 4739 1431 4809 decolorant
