3600 5534
843 531 1055 604 „93-

511 858 1016 967 ltoetraetnm
1053 853 1382 966 Saturae.

456 1114 611 1187 Paretur
645 1135 665 1185 e
702 1113 822 1185 Bulbo
861 1111 994 1186 Scillae
1034 1111 1172 1188 siccato
1211 1115 1249 1184 et
1280 1112 1474 1206 pulverato
1505 1115 1547 1184 ut

349 1245 564 1320 Extractun
581 1239 736 1317 Aconiti.

521 1791 1029 1902 narranaam
1054 1786 1373 1899 sceatta

767 1932 1119 2047 canaan.
1274 2018 1277 2022 .

496 2200 740 2278 Extractum
762 2197 1113 2276 haemostatieum.
1133 2195 1383 2299 Ergotinum.

346 2396 444 2488 Rpe:
484 2391 622 2471 Saaalis
641 2391 784 2469 carnuti
805 2414 934 2494 grasse
954 2388 1132 2491 palranti
1188 2396 1388 2486 praazmata

1245 2522 1377 2587 antam
1468 2517 1541 2589 100

453 2649 585 2740 Ingere
604 2648 643 2720 in
663 2600 886 2740 apparatum
905 2646 1162 2739 depulsorium
1181 2650 1218 2719 et
1236 2645 1388 2717 affunde

480 2774 603 2875 Aquae
622 2773 830 2850 destinatae
980 2780 1191 2870 grammata
1210 2771 1365 2844 ducenta.
1464 2772 1541 2845 200

453 2906 599 2977 Macera
616 2924 683 2995 per
702 2901 900 2975 duodecim
918 2901 1046 2990 horas
1066 2906 1147 2975 tum
1165 2899 1348 2993 liquidum
1368 2900 1536 2974 defluens

345 3032 475 3124 collige
496 3031 589 3105 etin
607 3030 743 3103 balneo
764 3050 885 3122 aquae
906 3029 1157 3102 calefaciendo
1178 3027 1348 3120 coagula.

452 3159 621 3232 Residuo
640 3156 782 3230 sensim
801 3157 951 3230 affunde

479 3283 601 3388 iqua
621 3280 828 3361 destinatae
996 3291 1195 3382 praeamata
1214 3290 1369 3356 tracanto.
1464 3282 1541 3355 300

453 3413 654 3506 Liquorem
683 3412 855 3502 guttatim
888 3413 1091 3484 stillantem
1124 3411 1253 3503 collige
1287 3415 1324 3483 et
1344 3410 1392 3482 ad
1413 3411 1541 3503 syrupi

345 3542 630 3616 consistentiam
650 3542 890 3634 evaporando
905 3541 1043 3633 redige,
1063 3541 1150 3614 dein
1165 3541 1281 3614 misce
1298 3562 1384 3613 eum
1398 3538 1539 3632 liquido

342 3671 464 3763 prima
501 3669 753 3742 maceratione
792 3651 956 3757 obtento,
996 3670 1097 3762 quod
1135 3669 1283 3741 interim
1321 3691 1345 3739 a
1382 3666 1539 3759 coagulo

343 3802 454 3871 enata
469 3797 668 3870 filtratione
689 3800 894 3888 separetur.

450 3919 670 4017 Liquorihus
691 3922 901 3995 commixtis
921 3924 1018 3995 adde

478 4048 635 4151 Spiritus
654 4048 729 4124 lint
788 4049 933 4144 triplam
953 4050 1195 4146 quantitatem.

451 4180 557 4252 Sient
583 4177 734 4271 saepius
755 4177 932 4268 agitando
966 4199 1032 4271 per
1064 4177 1192 4269 viginti
1227 4185 1389 4270 quatuor
1421 4178 1536 4250 horas

340 4313 420 4379 tum
459 4306 667 4379 sedimento
707 4305 878 4397 deposito
913 4304 1011 4377 filtra
1044 4311 1080 4377 et
1112 4305 1296 4398 liquorem
1327 4305 1367 4377 in
1400 4304 1535 4377 balneo

342 4454 461 4524 aquae
483 4431 722 4523 evaporando
742 4431 780 4502 in
800 4436 1006 4503 extractum
1026 4431 1190 4524 spissum
1208 4433 1343 4524 redige.

449 4559 590 4632 Salutio
620 4558 775 4631 extracti
802 4559 955 4631 nonnisi
991 4559 1130 4632 filtrata
1164 4560 1416 4650 dispensetur,
1451 4561 1483 4632 si
1513 4582 1535 4632 a

339 4688 485 4760 medico
505 4687 542 4758 in
562 4707 674 4760 nsum
693 4687 1043 4779 lrypodermatieum
1062 4688 1337 4781 praescribitur.
