3600 5534
719 553 907 622 ..7.-

321 769 364 843 ln
389 791 490 864 aqua
515 771 687 843 facillime
707 769 918 856 solvuntur,
945 768 1136 842 aetherem
1155 769 1213 840 vel
1241 768 1413 860 spiritum

217 896 292 968 vini
312 901 593 970 concontratum
614 895 848 969 comburmt.

322 1023 365 1095 In
383 1043 476 1095 vase
496 1023 705 1116 epistomeo
724 1021 841 1095 vitreo
863 1022 993 1095 clauso
1013 1025 1221 1094 serventur.

565 1304 788 1414 lloidum
814 1309 1073 1416 altricum.

325 1529 499 1622 Crystalli
531 1529 780 1622 prismaticae‚
814 1531 1022 1618 decolorea
1054 1530 1094 1602 in
1123 1536 1210 1602 aere
1239 1529 1413 1602 immut-

215 1658 317 1748 biles‚
339 1656 410 1728 sub
439 1655 514 1728 leni
533 1660 789 1750 temperatura
821 1657 1009 1745 fatiscunt,
1038 1656 1168 1729 altiore
1201 1656 1415 1748 liquescunt

215 1790 251 1858 et
280 1783 612 1876 decomponuntur.
643 1784 849 1857 Solvuntur
868 1783 1040 1857 facillime
1063 1784 1102 1855 in
1123 1805 1234 1875 aqua,
1253 1783 1360 1857 facile
1374 1785 1413 1856 in

214 1911 348 2004 spiritu
363 1909 450 1998 vini,
470 1909 656 1984 difficilius
674 1913 713 1984 ln
734 1911 894 1985 aethere.

323 2037 467 2110 Solutio
483 2059 641 2131 aquosa,
661 2060 762 2132 aqua
777 2039 889 2112 calcis
905 2038 1054 2111 abunde
1065 2044 1247 2128 saturata,
1259 2037 1414 2132 limpida

213 2169 418 2258 permanet,
440 2165 577 2256 quodsi
601 2171 729 2239 autem
745 2166 971 2238 solutionem
991 2166 1039 2237 ad
1056 2166 1296 2239 ebulitionem
1315 2166 1410 2239 cale-

213 2292 353 2381 feceriS‚
363 2292 487 2383 liquor
501 2292 673 2364 turbatur
683 2293 979 2366 etsedlmentum
989 2293 1116 2366 album
1127 2292 1295 2381 demittit,
1311 2294 1411 2386 quod

213 2441 304 2492 vase
324 2420 420 2492 bene
435 2423 532 2490 tecto
553 2419 625 2491 sub
645 2419 923 2512 refrigeratione
938 2441 1095 2512 prorsus
1109 2441 1230 2512 paene
1245 2420 1412 2494 solvitur.

323 2545 468 2619 Solutio
488 2567 647 2638 aquosa,
673 2547 789 2638 baryo
817 2547 950 2619 uitrico
969 2553 1035 2620 aut
1054 2547 1244 2619 ammonio
1265 2547 1410 2619 oxalico

214 2673 369 2766 adjecto,
390 2672 545 2766 limpida
564 2680 725 2764 maneat,
747 2675 804 2747 vel
824 2679 914 2766 post
931 2674 1080 2764 longius
1100 2673 1280 2765 temporis
1298 2664 1407 2747 inter·

217 2800 352 2873 vallum
396 2801 527 2872 leviter
560 2801 712 2872 nonnisi
745 2801 930 2888 turbetur3
966 2822 1067 2894 aqua
1090 2800 1409 2892 hydrosulfurata‚

215 2927 275 2999 vel
294 2926 540 3020 superaddita
559 2927 759 3016 ammonia,
778 2948 826 2999 ne
847 2932 928 3001 mut
952 2932 1021 3000 tur.

325 3053 496 3146 Crystalli
521 3053 628 3126 Acidi
661 3055 786 3144 citrici,
817 3076 904 3127 cum
933 3056 1083 3149 octupla
1102 3076 1225 3147 usque
1254 3056 1412 3148 decupla

217 3180 424 3273 quantitate
450 3180 544 3254 acidi
570 3181 737 3254 sulfurici
765 3183 994 3255 concontrati
1014 3182 1152 3254 mixtae
1179 3183 1409 3255 etad1000

217 3307 431 3396 calefactae,
450 3307 488 3382 in
517 3309 700 3400 liquorem
728 3309 925 3402 limpidum
953 3309 1095 3381 luteum
1113 3310 1319 3398 solvantur,
1349 3312 1413 3402 qui

217 3435 340 3508 calore
356 3435 469 3508 etiam
484 3441 674 3528 protracto
690 3458 758 3510 uec
773 3458 818 3509 ex
833 3438 948 3510 rubro
963 3437 1113 3510 firscum
1128 3457 1251 3530 neque
1265 3437 1412 3509 fuscum

218 3561 384 3634 colorem
398 3561 541 3637 induat.

325 3689 367 3762 ln
405 3689 545 3763 lamina
582 3690 746 3784 platinea
780 3691 1001 3764 calefactum
1036 3691 1170 3762 cineris
1207 3690 1414 3764 sedimento

218 3817 423 3909 perexiguo
442 3817 570 3902 relicto
590 3819 701 3911 plane
723 3820 854 3893 avolet.

325 3943 426 4016 Potio
445 3943 621 4040 Madnasa
639 3946 749 4017 odrici
769 3945 996 4038 effervescens,

220 4226 439 4336 doidum
480 4227 955 4368 hydroohlorioum
993 4236 1414 4338 concontratum.

437 4419 615 4498 Aoidum
637 4420 894 4500 muriaticam
921 4428 1241 4500 concontratum.

328 4578 468 4671 Liquor
497 4578 687 4673 limpiduS,
719 4579 879 4666 decolor,
910 4581 1039 4652 odoris
1074 4580 1168 4652 acidi
1201 4583 1415 4673 pungentis.

222 4707 423 4780 calefactus
441 4706 553 4799 plane
574 4706 740 4794 avolana,
760 4707 938 4798 ponderis
959 4707 1120 4799 specifici
1146 4708 1242 4778 lla.
