3600 5534
718 524 996 668 ‘⁸⁹2

337 742 523 816 Humeeta
540 744 735 837 pulverem
754 744 794 816 in
812 762 905 816 vase
924 740 1164 835 porcellaneo
1184 762 1270 814 eum

366 863 521 965 Spiritus
542 868 617 946 litui
637 867 745 946 diluti
775 895 805 967 q.
825 893 851 942 a.

228 995 320 1088 quin
340 997 593 1087 conglobetur.
615 997 763 1090 Sepone
782 1019 849 1089 per
869 997 1014 1070 horam.

336 1124 434 1197 Turn
453 1125 579 1215 ingere
600 1145 767 1198 massam
795 1124 834 1196 in
860 1130 1084 1216 apparatum
1111 1123 1366 1218 depulsorium
1387 1129 1423 1197 et

227 1251 494 1343 superall'unde

363 1371 519 1474 Spiritus
538 1376 614 1452 lun
635 1376 742 1455 diluti
770 1387 970 1476 grummolo
989 1377 1089 1449 milla.
1320 1379 1422 1451 1000
1487 1379 1493 1396 ’

338 1503 485 1577 Maeera
503 1527 570 1598 per
589 1506 717 1597 viginti
737 1511 822 1579 octo
841 1507 967 1579 horas.
995 1506 1077 1579 Hoc
1100 1510 1267 1597 tempore
1295 1507 1423 1598 elapso
1462 1484 1465 1489 ¹

227 1629 286 1702 iao
305 1629 491 1722 liquorem
512 1632 677 1706 defluere
698 1639 735 1708 et
753 1655 820 1727 per
838 1634 941 1706 vices
960 1603 1112 1705 aliunde

363 1753 520 1854 Spiritus
541 1756 617 1834 Vini
638 1759 747 1836 diluti
774 1766 1012 1857 qramrnatum
1033 1761 1105 1831 triu
1123 1759 1248 1832 millia.
1316 1758 1421 1831 3000

334 1884 517 1980 Liquores
552 1889 726 1961 collectos
759 1888 798 1959 in
831 1887 966 1959 balneo
1001 1909 1122 1982 aquae
1152 1887 1373 1962 destillando
1399 1909 1422 1958 a

226 2013 355 2104 spiritu
374 2013 449 2086 vini
468 2012 592 2100 libera,
612 2015 804 2088 residuum
823 2015 861 2088 in
881 2016 1018 2089 balneo
1038 2037 1160 2108 aquae
1181 2015 1421 2107 evaporando

227 2140 274 2212 ad
294 2140 579 2213 consistentiam
599 2144 752 2214 extracti
778 2143 890 2235 spissi
910 2143 1045 2233 redige.

422 2538 921 2649 llarlraomm
958 2535 1220 2654 Aeaee.

226 2795 327 2890 Rpe:
363 2793 467 2871 lues
487 2792 699 2896 pulveralae
766 2805 968 2892 grammata
988 2798 1175 2893 quingenta
1341 2798 1421 2869 500

225 2923 327 2997 solve
347 2923 386 2996 in

371 3048 490 3149 lqne
511 3045 718 3127 destinatae
738 3047 929 3128 bullientis

683 3181 685 3188 ’
764 3179 936 3274 grammis
959 3177 1091 3250 duobus
1109 3177 1262 3250 millibus
1280 3185 1311 3248 et

824 3305 1019 3402 quingentis
1280 3319 1283 3322 ’
1312 3307 1417 3380 0500

224 3433 293 3506 sub
308 3438 490 3527 perpetua
506 3431 715 3524 agitatione.
732 3432 878 3525 Sepone
894 3455 962 3527 per
979 3435 1072 3507 duas
1088 3434 1167 3506 dies
1178 3433 1260 3504 loco
1270 3432 1416 3524 frigido,

224 3562 302 3631 tum
339 3558 524 3652 liquorem
560 3558 755 3653 limpidum
793 3561 981 3634 decantlia
1019 3565 1055 3633 et
1091 3560 1282 3634 residuum
1321 3561 1414 3633 oola.

223 3685 401 3780 Liquores
421 3687 644 3760 commixtos
663 3686 799 3762 balneo
820 3709 941 3780 aquae
961 3688 1010 3761 ad
1028 3689 1169 3762 siocurn
1187 3687 1324 3782 redige.

249 4141 759 4253 detractum
801 4145 1389 4255 Belladonnae

603 4304 1032 4443 soldorum.

326 4565 481 4638 Paretur
498 4587 517 4637 e
533 4565 645 4674 Foliis
660 4565 915 4639 Belladonnae
929 4565 1132 4658 pulveratis
1145 4569 1188 4638 ut
1200 4564 1414 4639 Extinctum

218 4690 375 4764 Aeoniti.
