3600 5534
719 551 928 624 -93-

333 766 481 840 Macera
508 788 575 860 per
607 768 737 858 viginti
762 771 926 860 quatuor
954 768 1079 854 horas
1116 768 1250 841 deinde
1279 770 1422 844 fortiter

225 893 388 985 exprime
409 900 445 968 et
463 895 614 970 residuo
635 895 785 969 affunde

361 1019 481 1120 Aquas
501 1020 710 1098 destinatae
762 1031 963 1120 prommaio
983 1023 1084 1094 cizide.
1316 1025 1420 1096 1000

332 1149 422 1222 Post
456 1151 626 1223 iteratam
654 1173 721 1244 per
749 1150 876 1241 viginti
911 1158 1073 1243 quatuor
1101 1151 1217 1222 horas
1251 1171 1417 1223 macera-

223 1275 365 1349 tionem
385 1283 422 1350 et
440 1279 733 1371 expressionem,
754 1278 920 1370 liquores
942 1277 1164 1349 commixtos
1190 1277 1419 1349 subsidendo

223 1404 426 1496 depuratos
466 1410 504 1476 et
541 1405 590 1476 ad
628 1406 883 1478 ebullitionem
927 1405 1138 1492 calefactos
1182 1405 1318 1476 deinde
1350 1427 1419 1497 per

222 1552 390 1622 parmum
437 1531 579 1604 colatos
621 1531 659 1603 in
698 1531 835 1604 balneo
875 1553 996 1624 aquae
1035 1532 1082 1603 ad
1130 1531 1419 1604 consistentiam

223 1659 374 1732 extracti
394 1658 507 1752 spissi
527 1679 702 1751 evapora.

502 1980 816 2090 llxtrocium
844 1980 1128 2090 Graminis.

329 2240 485 2315 Paretur
513 2265 532 2316 e
563 2242 701 2315 Radice
733 2241 917 2314 Graminis
947 2243 1098 2316 concisa
1133 2249 1175 2315 ut
1203 2243 1416 2317 Extractum

221 2367 436 2458 Gentianae,
462 2371 702 2464 evaporando
730 2370 777 2442 ad
806 2370 1088 2470 consistentiam
1108 2373 1260 2442 extracti
1280 2372 1415 2444 tennis.

360 2825 868 2935 Eoelraolcsm
906 2777 1286 2936 Graecast.

490 3071 730 3148 Extracturn
754 3069 930 3147 Punicae
954 3069 1135 3148 Grauati.

326 3263 483 3339 Paretur
508 3287 528 3338 e
558 3264 700 3338 Cortice
731 3264 886 3338 Granati
909 3265 1102 3356 pulverato
1131 3269 1170 3336 ut
1200 3263 1414 3338 Extractum

218 3391 373 3464 Aconiti.
1456 3387 1463 3404 '

270 3827 771 3936 nolanorum
809 3827 1364 3964 androsaces

619 3991 1002 4122 liuidum.

217 4211 316 4305 Rpe:
351 4209 497 4288 lisllcls
517 4208 743 4310 llyrlrastirlis
764 4210 980 4288 tusculensis
1000 4209 1213 4311 pulsantes

865 4350 1063 4436 prommato
1083 4348 1216 4412 centum
1336 4343 1412 4413 100

324 4468 510 4542 Humecta
527 4469 719 4561 pulverem
741 4490 824 4539 cum

352 4592 509 4694 Spiritus
529 4592 606 4668 tin
627 4591 736 4671 diluti
875 4618 908 4690 q.
928 4617 970 4686 1.,

218 4725 306 4816 quin
327 4723 579 4814 conglobetur.
603 4723 749 4814 Sepone
770 4744 837 4814 per
856 4722 1000 4794 horam.
