3600 5534
842 510 1085 584 -244-

358 730 669 823 ovato-oblongiS,
693 730 1016 825 plano-convexis,
1041 729 1115 803 duo
1137 730 1185 803 ad
1206 730 1281 803 duo
1306 734 1344 804 ct
1363 732 1558 806 dimidium

358 859 574 932 centimetra
589 858 720 950 longia,
741 858 890 949 crossia
912 856 1025 950 duria
1045 857 1185 951 rigidis,
1203 858 1341 951 pallide
1357 859 1558 949 subfusus,

358 989 396 1061 in
416 988 529 1061 dorso
559 1007 727 1061 convexo
756 986 1072 1078 longitudinaliter
1100 987 1263 1076 sulcam,
1292 987 1331 1059 in
1362 992 1468 1079 parte
1497 1009 1558 1061 su-

356 1135 488 1207 prema
508 1114 715 1206 superficiei
734 1114 901 1187 internae
921 1114 1057 1206 planae
1077 1120 1143 1188 aut
1161 1114 1425 1189 subconcavae
1439 1136 1557 1207 parva

358 1241 526 1313 radicula
544 1240 603 1313 vel
632 1240 842 1313 scrobiculo
877 1241 1038 1331 oblongo
1066 1241 1269 1334 instructiS,
1296 1243 1398 1315 intus
1424 1241 1558 1315 albidis

358 1369 417 1442 vel
445 1368 688 1459 ocluoleuciS,
718 1369 864 1460 saporis
885 1368 1089 1457 subdulcia,
1109 1370 1302 1444 subornari
1330 1376 1368 1444 et
1397 1370 1556 1444 adstrin-

360 1497 492 1589 gentis,

467 1622 680 1715 Immatura‚
690 1626 840 1698 insectis
856 1647 1009 1700 corrosa
1028 1626 1087 1699 vel
1101 1630 1288 1700 vetustate
1307 1632 1483 1719 corrupta
1501 1648 1557 1700 re·

355 1751 541 1843 jiciantur.

469 1878 621 1953 Semina
643 1881 791 1953 invase
811 1880 931 1953 ferreo
960 1881 1030 1954 sub
1050 1880 1228 1953 continua
1246 1880 1447 1971 agitatione
1466 1886 1560 1955 tarn·

360 2007 424 2079 diu
443 2006 649 2095 torrefacta,
675 2006 793 2080 donec
815 2007 978 2081 colorem
1001 2009 1150 2082 fuscum
1172 2006 1362 2080 induerint
1389 2013 1427 2080 et
1454 2008 1560 2083 facile

360 2136 589 2225 frangantur,
627 2136 807 2226 praebent
827 2128 953 2210 Senon
975 2134 1136 2221 broccus
1155 2136 1301 2211 tortu.
1329 2134 1562 2228 Refrigerata

359 2262 397 2334 in
426 2263 619 2355 pulverem
643 2262 941 2355 grossiuseuluur
961 2262 1161 2336 contunde.
1248 2310 1258 2327 -

545 2626 845 2735 Samen
882 2624 1390 2739 Sabadtllae.

471 2844 657 2920 Sabodillo
671 2844 896 2942 officinarum
915 2846 1102 2937 orandi,
1118 2848 1247 2939 planta
1264 2848 1435 2940 bulbosa,
1447 2868 1560 2940 spon·

361 2978 473 3045 terrea
499 2976 537 3046 in
557 2974 726 3047 Andibus
752 2974 962 3064 MexicaniS‚
982 2974 1021 3046 in
1041 2974 1252 3047 Gnatirnala
1279 2981 1317 3049 et
1335 2974 1560 3050 Venezuela.

361 3099 546 3175 Lilioccnc.
572 3100 816 3174 Colchicoccoc.

472 3229 622 3301 Semina
642 3229 803 3320 oblonga
822 3235 887 3302 aut
914 3228 1132 3316 lanceolata,
1161 3251 1312 3303 sursum
1341 3229 1561 3318 acuminata

361 3355 611 3446 irregulariter
643 3358 836 3447 angulosa,
875 3358 1016 3429 circiter
1053 3361 1137 3428 octo
1179 3355 1390 3429 millimetra
1436 3355 1562 3454 longa,

361 3481 607 3571 albuminosa,
645 3488 742 3556 testa
779 3485 891 3575 tenui,
930 3485 1079 3574 nitente,
1098 3484 1340 3574 lusco-nigra,
1368 3482 1559 3575 rugulosa.

360 3611 521 3703 Enrbryo
554 3632 693 3702 parvus
727 3612 936 3685 continetur
967 3612 1051 3685 basi
1089 3610 1287 3683 albumiuis
1325 3610 1447 3703 solidi,
1482 3632 1559 3682 car·

360 3740 455 3830 nosi,
475 3737 598 3811 albidi.

470 3866 564 3937 Sunt
584 3864 729 3956 saporis
750 3864 867 3937 amari
886 3869 922 3937 et
941 3864 1058 3952 acris;
1084 3868 1191 3939 caute
1212 3864 1409 3938 servanda.

476 3991 705 4089 Unguentum.

728 4366 920 4476 Samen
957 4365 1188 4507 Sinopis·

471 4553 638 4626 Brassica
657 4554 763 4651 niqra
781 4553 922 4642 Koch,
942 4553 1072 4647 planta
1092 4574 1229 4645 annua,
1249 4554 1351 4647 apud
1371 4575 1443 4628 nos
1462 4554 1557 4627 indi·

359 4704 456 4773 gena
477 4688 514 4755 et
533 4683 643 4757 culta.
669 4680 879 4775 Cruciseroc.
