3600 5534
851 519 1066 592 „33-

359 737 497 810 filtrata
521 738 703 829 liquorem
728 738 918 830 praebeat,
945 737 1053 828 cujus
1074 758 1259 829 parsurm
1279 758 1348 810 nec
1369 736 1558 809 ammonia

360 866 583 953 abundanti,
604 886 673 937 uec
694 887 793 956 aqua
812 865 1119 956 hydrosulfurata
1142 865 1270 936 addita
1282 865 1469 938 coloretur
1493 869 1558 936 aut

357 993 554 1080 turbetur‚·
585 1013 674 1082 pars
717 992 834 1069 altera
876 992 925 1063 ad
959 991 1099 1063 siccum
1128 999 1330 1084 evaporata
1363 993 1556 1065 residuum

357 1121 501 1192 nullum
520 1119 716 1211 relinquat.

466 1247 643 1320 Servetur
662 1247 744 1319 luce
763 1253 960 1319 remotum.

356 1535 1230 1672 Aryemummrrtmm
1244 1535 1555 1671 frasnum.

773 1725 897 1827 Lapis
921 1725 1140 1802 infernalis.

355 1885 456 1979 Rpe:
486 1884 638 1986 Argenti
657 1882 780 1960 nitriai
800 1882 1039 1980 aryslnllisatl
1260 1907 1295 1975 q.
1316 1905 1349 1954 v.

356 2014 501 2086 calefiat
539 2014 578 2084 in
614 2034 704 2084 vase
743 2012 990 2104 porcellane0‚
1025 2011 1144 2083 donee
1175 2012 1303 2082 massa
1337 2010 1408 2082 alei
1441 2011 1557 2081 instar

355 2141 511 2229 fluxerit,
534 2141 626 2212 haee
645 2140 858 2212 effundatur
876 2139 915 2210 in
934 2139 1128 2210 modulum
1147 2139 1309 2211 ferreum
1327 2138 1422 2209 bene
1447 2157 1554 2207 mun-

355 2268 485 2340 datum
506 2289 549 2339 ac
568 2269 806 2359 tepefactum,
828 2267 1119 2358 quibacillorum
1137 2267 1277 2337 formas
1298 2266 1422 2338 habet.

463 2395 589 2467 Bacilli
607 2395 789 2485 relrigrati
808 2395 883 2466 sint
903 2393 977 2465 albi
991 2395 1050 2466 vel
1066 2395 1351 2482 cinerescenteS,
1372 2395 1556 2466 tracturae

353 2522 520 2594 radiatae
555 2521 790 2612 crystallinae
824 2527 860 2594 et
880 2523 993 2607 ,omui
1027 2522 1140 2594 medo
1175 2543 1263 2613 erga
1295 2523 1487 2612 reagantia
1516 2542 1556 2592 se

355 2649 532 2737 habeant,
553 2654 595 2721 ut
615 2655 811 2740 argentum
830 2649 1003 2722 nitrieum
1023 2651 1324 2741 crystallisatum.

464 2778 637 2850 Servetur
655 2777 693 2848 iu
713 2799 804 2848 vase
823 2777 896 2848 luci
916 2777 1106 2869 impervia.

374 3063 668 3207 Argentum
696 3063 949 3171 nitrieum
976 3097 1097 3172 eum
1123 3064 1277 3171 llalia
1305 3061 1522 3176 nitrien.

647 3255 771 3358 Lapis
794 3257 1000 3334 infernalis
1025 3258 1242 3362 mitigatus.

350 3414 447 3506 Rpe:
461 3413 608 3513 Argenti
621 3414 743 3491 uttrtet
760 3413 995 3513 crystalltsati
1010 3425 1208 3513 matamala
1227 3415 1335 3487 duem
1504 3413 1550 3484 10

460 3539 552 3618 Kalli
574 3541 696 3619 uitriul
1007 3552 1202 3640 yrnrnmalu
1222 3546 1355 3639 viyiali.
1496 3541 1547 3614 90

458 3671 589 3744 Intime
615 3671 741 3760 mixta,
771 3673 809 3744 in
835 3692 925 3744 vase
945 3673 1181 3762 porcellaneo
1203 3677 1311 3745 caute
1337 3671 1488 3760 liquata,
1514 3668 1550 3739 in

350 3798 570 3871 bacillorum
588 3798 748 3870 sormam
766 3799 892 3872 funde.

457 3925 584 3998 Bacilli
608 3926 691 4013 albi,
712 3927 805 4014 duri,
825 3928 929 4000 tracti
954 3927 1191 4020 superficiem
1211 3926 1464 4018 crystallinam
1488 3927 1548 3998 vix

347 4054 567 4145 praebeant.

458 4181 637 4253 Gramma
661 4203 778 4254 unum
803 4182 841 4252 in
865 4182 995 4272 viginti
1019 4183 1245 4254 centimetris
1266 4182 1406 4255 cubicis
1427 4204 1547 4274 aquae

348 4307 555 4379 destillatae
609 4309 774 4381 solutum
826 4313 862 4381 et
914 4331 999 4381 curn
1052 4310 1326 4399 centigrammis
1373 4310 1548 4382 undecim

348 4436 482 4524 (0·110
508 4440 618 4527 grm.)
668 4436 776 4508 natrii
814 4437 970 4508 chlorali
1014 4458 1114 4528 aqua
1154 4436 1266 4508 saluti
1298 4438 1548 4510 calefaciendo

345 4562 512 4651 mixtum,
540 4563 724 4654 liquorem
752 4565 939 4656 praebeat,
961 4565 1025 4656 qui
1045 4565 1217 4653 filtratua
1241 4571 1395 4657 argenta
1416 4565 1547 4637 nitrien

345 4689 483 4778 addita,
503 4711 580 4762 non
601 4691 763 4782 amplius
785 4692 969 4764 turbetur.
