3600 5534
695 547 935 618 -rua-

323 765 469 838 Galbuli
502 765 639 838 maturi
668 765 825 856 globosi,
857 764 1017 852 carnosi,
1047 760 1301 852 magnitudine
1330 759 1413 851 pisi,

213 893 316 985 apice
349 893 469 965 tribus
504 893 645 966 suturis
680 897 718 966 et
751 893 935 965 tantidem
968 890 1102 982 gibbis,
1142 889 1225 961 basi
1264 889 1413 960 duobus

212 1020 400 1094 verticillis
421 1041 440 1092 e
460 1021 579 1092 ternis
596 1020 795 1094 bracteolis
815 1018 1106 1111 triangularibus
1125 1017 1252 1104 luscis,
1272 1017 1413 1106 integu-

212 1155 336 1222 mento
372 1148 553 1221 exteriore
579 1150 618 1222 in
643 1148 854 1222 recentibus
878 1148 1182 1238 nigro-violaceo,
1215 1166 1293 1216 non
1325 1165 1412 1215 raro

213 1277 571 1368 glauco-pruinoso,
598 1277 637 1348 in
664 1277 810 1348 siccatis
842 1276 1238 1367 nigro-fuscescente,
1271 1272 1412 1362 glabro,

213 1404 340 1492 nitido,
377 1404 615 1496 sarcocarnio
644 1403 816 1495 pulposo‚
847 1403 999 1475 demum
1027 1400 1243 1492 spongioso,
1274 1421 1293 1470 e
1322 1397 1411 1470 sub-

213 1533 319 1605 viridi
328 1533 446 1619 tusc0,
459 1531 576 1604 tribus
587 1531 734 1604 nuculis
746 1530 1044 1620 ovali-oblougis
1058 1529 1191 1602 obtuse
1211 1526 1412 1620 triquetris

213 1661 461 1748 verticalibus,
500 1660 809 1749 inanescentibus,
850 1661 982 1744 osseis,
1015 1653 1206 1730 nonnullis
1244 1655 1412 1728 utriculis

213 1788 375 1861 ole'r'feris
394 1787 593 1874 instructis,
614 1786 739 1858 odoris
759 1785 962 1873 balsamici,
983 1785 1130 1878 saporis
1151 1783 1345 1856 subdulcia
1375 1786 1413 1853 et

214 1938 299 1989 cum
319 1917 446 2007 aliqua
465 1915 713 1988 amaritudine
734 1914 937 1986 aromatici.

322 2041 428 2114 Roob.
451 2041 619 2138 Spiritus.

595 2347 821 2455 llruotus
847 2345 1029 2453 bauri.

320 2552 465 2624 Laurus
493 2551 620 2624 nobilis
638 2553 760 2624 Linn.
803 2553 916 2625 arbor
944 2551 1218 2643 sempervirens
1247 2548 1411 2640 regionis

213 2680 514 2752 mediterraneae.
535 2679 748 2751 Louraceoc.

320 2807 468 2900 Drupae
483 2813 652 2880 maturae
664 2808 825 2880 siccatae
841 2806 1093 2898 unispermae‚
1105 2805 1245 2891 orales,
1256 2803 1410 2876 minoris

214 2935 332 3008 cerasi
350 2936 615 3028 magnitudine,
637 2936 843 3029 pericmnio
859 2935 972 3013 tenui,
988 2934 1119 3026 fragili,
1136 2939 1244 3005 extus
1260 2953 1410 3023 rugoso,

213 3083 256 3133 ex
275 3063 382 3134 fusco
409 3064 468 3134 vel
493 3063 656 3136 olivaceo
682 3063 806 3153 nigro,
835 3061 941 3152 cujus
963 3060 1231 3152 endocarpium
1249 3059 1410 3146 fuscum,

213 3177 443 3281 diaphanum
459 3212 544 3262 cum
559 3163 813 3282 integumento
830 3189 955 3261 subtili
967 3188 1121 3260 seminis
1136 3187 1411 3260 exalbuminosi

213 3323 415 3390 connatam
435 3323 499 3404 est,
539 3319 682 3390 semine
708 3319 748 3390 in
774 3319 917 3409 cotylas
953 3317 1131 3408 geminas
1157 3317 1234 3388 fere
1266 3315 1408 3386 haemi·

212 3445 438 3535 sphaericus
469 3446 821 3532 oleoso-carnosas
850 3443 983 3516 coloris
1022 3441 1271 3514 cinnamomei
1302 3441 1409 3513 facile

212 3572 417 3658 secedente,
449 3571 574 3642 odoris
594 3571 791 3661 peculiaris
811 3570 1018 3659 balsamici,
1039 3569 1186 3661 saporis
1206 3569 1408 3656 aromatici,

212 3700 328 3773 amari
348 3705 384 3772 et
404 3698 766 3789 sub-adstringentis

318 3825 561 3922 Emplastrum
580 3825 738 3898 Melina.

363 4135 729 4244 lancem
759 4129 1260 4270 papavereo.

316 4335 479 4430 Papauer
499 4337 726 4428 sorrrniferom
746 4336 884 4424 Linn,
905 4336 1035 4428 planta
1055 4356 1183 4407 annua
1202 4335 1406 4424 orientalia,

212 4465 310 4554 apud
329 4484 399 4535 nos
419 4463 717 4554 bequentissime
738 4465 847 4536 culta.
868 4463 1141 4557 Popoocroceoe.

316 4590 502 4683 Capsulae
542 4591 686 4680 virides,
727 4591 1097 4684 glauco-pruinosae,
1132 4596 1218 4662 ante
1256 4592 1407 4682 plenam

210 4718 468 4802 maturitatem,
490 4719 668 4809 quamdiu
694 4741 739 4791 cx
759 4719 939 4790 incisione
959 4739 1095 4791 succus
1114 4721 1259 4789 lacteus
1280 4717 1406 4806 stillat,

318 4854 510 4910 Pharmncopoaa.
1171 4859 1188 4910 9
