3600 5534
843 542 1083 633 -2587-

360 758 485 833 dilutis
506 782 591 834 cum
1003 855 1006 861 Ι

496 885 839 990 tque‘destillatne
893 892 1135 984 prammatnm
1150 892 1304 982 quatuor
1317 887 1422 959 mitt-

1121 1014 1184 1086 bns
1203 1021 1234 1086 et
1253 1015 1421 1087 trecentis.
1451 1017 1557 1089 4300

466 1144 755 1236 Praecipitatum
775 1143 1040 1232 aurantiacum,
1066 1142 1152 1213 inde
1172 1147 1304 1228 ortum,
1326 1142 1557 1217 subsidendo

359 1276 395 1343 et
423 1272 608 1344 abluendo
635 1271 729 1344 bene
750 1272 1018 1358 eduleoratum,
1047 1269 1122 1342 leni
1149 1268 1271 1341 calore
1302 1269 1493 1357 siccatum,
1518 1271 1556 1343 in

358 1400 450 1472 vitro
470 1400 566 1471 bene
587 1398 715 1471 clauso
735 1398 808 1470 luci
828 1397 1007 1490 impervie
1029 1417 1150 1468 serva.

467 1526 521 1599 Sit
553 1525 675 1617 pulvis
705 1525 981 1614 subtilissimus²
1013 1524 1412 1612 rubro-aurantiacus,
1451 1525 1558 1598 valde

360 1653 575 1745 depingens
592 1652 719 1724 odoris
731 1673 874 1743 expers
885 1652 1080 1744 insipidus
1095 1649 1135 1721 in
1150 1650 1256 1722 acido
1271 1650 1557 1741 hydrochlorico

360 1781 498 1853 sulfure
529 1779 714 1868 derelict0‚
744 1780 782 1851 in
801 1779 922 1851 natrio
943 1776 1227 1868 hydrooxydato
1247 1779 1373 1851 soluto
1403 1802 1447 1851 ex
1476 1786 1555 1853 toto

361 1907 541 1980 solubilis

469 2035 561 2107 Cum
588 2034 772 2107 solutione
801 2032 895 2105 acidi
925 2032 1085 2104 tartarici
1105 2032 1223 2104 diluta
1251 2036 1557 2123 conquassatum,

359 2164 542 2254 liquorem
567 2161 753 2253 praebeat,
783 2160 845 2252 qui
871 2159 1040 2246 dinatus
1075 2159 1203 2263 addita
1229 2181 1329 2251 aqua
1361 2160 1559 2253 hydrosul·

363 2293 495 2377 furata,
534 2288 678 2361 nullum
716 2289 774 2359 vel
812 2287 963 2360 nonnisi
991 2286 1236 2379 perexiguum
1263 2288 1558 2380 praecipitatum,

361 2418 496 2491 coloris
517 2415 720 2489 aurantiaci
740 2415 901 2507 deponit.
1119 2391 1123 2397 ¹

425 2585 429 2591 ·
470 2544 627 2617 Stibium
647 2543 870 2615 sulfuratum
890 2541 1147 2613 aurantiacum
1166 2542 1355 2614 ammonio
1376 2543 1557 2616 sulfurato

362 2672 526 2744 solutum
556 2678 591 2744 et
611 2692 656 2743 ex
676 2670 745 2742 hac
775 2668 972 2755 solutione,
1002 2668 1108 2739 acido
1129 2668 1416 2758 hydrnchlolieo
1441 2672 1556 2743 abun-

361 2799 471 2870 dante
501 2799 637 2887 addito,
657 2797 790 2871 iterum
818 2797 1113 2890 praecipitatum,
1142 2801 1222 2868 tum
1251 2818 1351 2888 aqua
1378 2799 1495 2872 lotum
1523 2805 1559 2872 et

361 2947 446 2998 eum
474 2926 632 3017 decupla
659 2925 865 3016 quantitate
900 2924 1078 2996 ammonii
1107 2925 1296 2997 sarbonici
1326 2926 1439 2999 soluti
1468 2949 1555 3001 con·

361 3050 591 3144 quassatum,
612 3052 788 3125 filtratum
808 3055 993 3145 praebeat,
1023 3054 1124 3144 quod
1143 3053 1250 3125 acido
1268 3052 1555 3143 hydrochlorieo

362 3185 467 3252 caute
495 3180 731 3267 aemulatum,
761 3200 829 3251 nec
850 3180 1101 3252 sedimentum
1130 3179 1272 3252 luteum
1301 3180 1459 3253 arseniei
1479 3181 1555 3253 sul-

361 3308 471 3379 furati
510 3308 672 3399 deponit,
710 3328 779 3380 nee
813 3308 940 3380 addita
973 3329 1072 3399 aqua
1103 3307 1406 3399 hydrosulsurata
1443 3308 1556 3399 hujus

360 3435 517 3527 vestigia
545 3434 642 3507 ssavo
672 3435 795 3509 colore
824 3437 978 3524 indicat,
1008 3457 1121 3527 quem
1148 3436 1270 3526 liquor
1298 3436 1556 3529 assumpserit.
1644 3429 1647 3434 ’

542 3902 769 4011 stibium
794 3903 1120 4014 sulfuratum
1139 3907 1373 4046 nigrum.

719 4132 1000 4210 Antimonium
1024 4135 1201 4210 eruduin.

470 4330 603 4400 Frusta
618 4328 839 4420 ponderosa,
856 4348 875 4398 e
890 4327 997 4418 nigro
1013 4327 1145 4419 gnsea,
1165 4351 1211 4401 ex
1229 4330 1414 4421 ctystallis
1435 4331 1554 4404 acicu-

361 4456 509 4543 larihuS‚
530 4454 711 4526 metallice
733 4455 1028 4546 splendentibus
1052 4455 1257 4528 diabilibus
1279 4458 1496 4549 composite
1517 4460 1557 4531 in

360 4589 444 4655 aere
478 4580 732 4667 immutabilia,
765 4581 839 4653 leni
872 4582 957 4671 igne
991 4582 1243 4673 liquescentis
1277 4584 1383 4656 acido
1417 4585 1554 4677 hydro·

362 4710 524 4782 chlorico
545 4710 666 4781 affuso
687 4730 754 4800 gas
776 4709 1118 4801 liydrnsulfuratum
1138 4711 1318 4784 emittunt.
