3600 5534
709 557 948 631 -131-

335 775 522 868 Capsulae
546 776 798 850 uniloculares
825 777 1045 850 immaturae
1070 776 1232 849 siccatae
1251 775 1421 866 lineares,

225 904 534 996 siliquaelormes,
556 925 805 998 compressae,
826 904 1000 977 inferiore
1021 910 1125 997 parte
1147 908 1361 978 attenuatae
1387 909 1424 978 et

224 1031 353 1105 leviter
363 1038 551 1122 curvatae,
568 1033 643 1105 duo
660 1033 707 1104 ad
719 1033 794 1104 duo
806 1038 842 1105 et
853 1032 1047 1106 dimidium
1062 1033 1263 1105 decimetra
1276 1033 1422 1123 longae,

226 1163 309 1231 octo
329 1137 377 1231 ad
398 1159 527 1232 decem
545 1159 755 1232 millimmra
767 1161 876 1248 latae,
895 1159 1104 1252 pericarpio
1120 1180 1292 1248 carnoso,
1307 1159 1422 1247 leuco,

224 1291 332 1358 extus
345 1286 664 1378 longitudinaliter
678 1309 819 1378 rugoso
835 1293 870 1359 et
885 1287 1041 1375 sulcato,
1055 1287 1264 1379 unguinose
1273 1287 1422 1374 nitente,

225 1414 359 1487 coloris
386 1413 594 1502 atro-firsci,
623 1415 775 1507 saepius
802 1413 986 1506 crystallis
1013 1414 1108 1486 albis
1138 1413 1422 1506 splendentibus

223 1543 380 1630 obtecto,
399 1541 551 1628 flexiles
570 1545 730 1629 tenaces,
751 1562 843 1614 cavo
863 1541 1027 1632 repletae
1047 1561 1180 1612 massa
1198 1531 1419 1632 granuloso-

224 1671 398 1765 pulposa‚
421 1673 512 1757 atra,
534 1668 762 1761 subpingui„
779 1667 924 1740 semina
949 1668 1147 1740 innumera
1167 1668 1310 1759 exigua,
1336 1668 1422 1741 sub-

225 1799 392 1891 globosa,
409 1800 525 1892 nigra,
546 1797 703 1871 nitentia
722 1797 943 1885 includente,
964 1796 1092 1869 odoris
1111 1795 1310 1889 peculiaris
1325 1797 1420 1888 frag-

224 1925 437 2013 rantissimi,
458 1925 629 2018 pergrati.

331 2089 363 2160 N
366 2111 385 2159 e
414 2087 663 2161 adhibeantur
686 2087 830 2160 fructus
860 2087 986 2161 miuus
1013 2087 1205 2159 aromatici
1224 2085 1338 2159 nimio
1358 2108 1421 2159 ex·

223 2215 360 2306 siccati,
375 2213 494 2308 rigidi,
510 2215 668 2306 fragiles
684 2213 819 2288 coloris
836 2213 1014 2301 clarioris
1030 2234 1099 2285 neo
1113 2213 1256 2286 fructus
1273 2214 1420 2303 maturi,

223 2344 457 2418 dehiscentia
489 2345 617 2436 aperti,
648 2364 717 2416 nec
750 2345 892 2417 tructus
926 2341 1101 2434 majores
1123 2328 1241 2415 multo
1272 2341 1423 2415 latiores

224 2478 259 2545 et
281 2473 502 2564 plerumque
536 2471 727 2544 breviores
761 2471 919 2543 aliarum
954 2467 1114 2540 Vanlllae
1132 2470 1352 2562 specierum,
1381 2474 1423 2541 ut

223 2599 275 2672 sic
296 2599 393 2671 dicta
412 2597 560 2670 Vanilla
580 2599 624 2671 de
644 2598 699 2670 La
719 2598 870 2689 Guayra
890 2603 926 2670 et
945 2597 1090 2669 Vanilla
1109 2597 1326 2670 Brasiliana.

334 2761 511 2834 Tinctum.
530 2761 639 2834 Poeta
658 2760 875 2857 Inquiritr'oe
894 2762 998 2834 duva.

559 3286 780 3428 ringus
807 3283 1096 3428 igniarius.

577 3531 741 3638 Fungus
766 3530 1064 3638 Chirurgorum.

332 3765 784 3863 Polyporusfomcatarc'us
798 3765 938 3857 Fries,
958 3763 1423 3857 fungusperomnemfere

226 3895 413 3988 Europam
437 3893 601 3966 mediam
625 3893 664 3965 in
688 3893 829 3966 trrmcis
859 3892 1025 3981 annosiS,
1054 3891 1234 3985 imprimis
1253 3892 1424 3982 sagorum

227 4028 262 4095 et
280 4041 487 4115 quercuum
506 4041 679 4092 nascens.
700 4017 1013 4116 Hymaaomycetes.
1035 4017 1231 4114 Polyporec'.

333 4185 471 4258 Frusta
502 4182 716 4257 mercabilia
747 4185 872 4275 plana,
907 4186 1010 4256 tactu
1043 4182 1251 4275 aequaliter
1286 4180 1423 4269 mollia,

227 4312 416 4401 flexibilia,
454 4311 589 4384 coloris
627 4311 892 4398 cinnamomei,
931 4331 951 4382 e
989 4310 1087 4402 pileo
1125 4311 1227 4401 iungi
1265 4307 1423 4397 excissa,

226 4440 475 4516 maceratione
495 4439 533 4510 in
552 4459 652 4531 aqua
671 4441 708 4510 et
726 4437 874 4510 tusione
895 4457 981 4510 cum
1002 4436 1146 4510 malleis
1166 4435 1298 4526 ligneis
1317 4455 1422 4528 prae-

227 4574 366 4662 parata,
385 4567 424 4640 in
443 4566 577 4657 uulgus
597 4564 806 4639 notissima.

334 4731 367 4802 A
386 4750 507 4809 merce
527 4728 624 4800 kalio
644 4726 777 4800 nitrico
796 4727 1043 4820 inpraegnata
1062 4748 1163 4799 cave.

1171 4865 1204 4918 9*
