3600 5534
742 513 954 588 „13-

250 737 286 807 et
314 733 462 806 aethere
496 733 668 808 facillime
698 732 886 821 solubilis,
922 752 1042 825 aquae
1071 730 1276 824 vaporibus
1306 729 1441 818 avolat,

250 863 372 934 calore
392 862 534 935 circiter
557 862 656 934 1560
678 861 857 955 liquescit.

228 1016 234 1029 ¹
359 991 453 1064 Cum
474 989 590 1063 calcio
610 991 771 1083 oxydato
788 989 1007 1064 calefactum
1022 1009 1181 1081 vapores
1196 987 1329 1060 emittit
1348 986 1442 1059 acidi

250 1117 431 1192 carbolici.
459 1116 502 1190 In
531 1138 632 1210 aqua
660 1117 836 1205 solutum,
864 1116 962 1190 ferro
990 1115 1284 1208 sesquichlorato
1305 1114 1442 1201 addito,
1558 1089 1561 1096 ’

109 1241 110 1246 ’
250 1245 413 1318 colorem
432 1244 553 1317 induit
567 1266 611 1316 ex
630 1244 797 1317 violaceo
816 1243 982 1316 rubrum.

359 1371 401 1443 ln
435 1371 563 1444 decem
594 1371 764 1463 partibus
793 1370 945 1463 spiritus
982 1370 1054 1442 vini
1088 1370 1254 1444 solutum
1288 1376 1443 1461 argento

250 1499 391 1587 nitrico,
426 1499 540 1590 guttis
563 1499 703 1591 aliquot
723 1497 816 1572 acidi
837 1498 955 1570 nitrici
985 1498 1170 1583 admixtis
1196 1519 1243 1569 ne
1271 1502 1442 1578 mutetur.

252 1625 346 1698 Cum
362 1627 535 1718 sextuplo
550 1626 714 1719 pondere
735 1626 829 1698 acidi
845 1624 1011 1698 sullurici
1030 1625 1257 1696 concentrati
1279 1625 1444 1711 mixtum,
1527 1653 1532 1663 ·

252 1755 414 1827 colorem
435 1753 588 1826 omnino
603 1773 681 1826 non
695 1753 831 1825 trahat.
844 1753 986 1825 Solutio
1007 1751 1290 1845 spirituosasua
1310 1756 1445 1843 sponte

252 1882 300 1954 ad
315 1883 455 1954 siccum
472 1887 687 1973 evaporata,
708 1882 900 1955 residuum
919 1881 1031 1974 plane
1052 1880 1179 1952 album
1197 1881 1391 1971 relinquat.

344 2296 561 2405 rioldum
590 2293 913 2404 sulfuricum
941 2299 1364 2401 concontratum.

361 2517 500 2609 Liquor
520 2517 688 2604 decolor,
723 2517 848 2590 odoris
869 2539 1019 2610 erpere,
1053 2517 1136 2589 oleo
1157 2517 1298 2604 similis
1329 2514 1451 2589 calore

256 2645 430 2733 volatilia,
464 2644 641 2736 ponderis
676 2646 835 2738 specifici
874 2646 974 2720 tar.
1009 2645 1121 2736 Aqua
1153 2644 1302 2732 dilutus
1335 2645 1452 2736 baryo

256 2773 386 2846 nitrico
407 2774 582 2864 admixto,
604 2775 856 2848 sedimentum
882 2772 1020 2863 album,
1046 2774 1084 2846 in
1104 2795 1205 2865 aqua
1224 2779 1260 2845 et
1279 2773 1317 2846 iu
1336 2772 1452 2845 acidis

257 2899 465 2988 insolubile,
485 2901 654 2974 demittit.
750 2973 754 2980 .

365 3028 524 3102 Aridum
544 3049 628 3100 cum
651 3029 846 3122 quintuplo
865 3029 1055 3102 volumine
1076 3029 1229 3122 spiritus
1250 3027 1322 3100 vini
1344 3033 1452 3102 ceute

259 3155 417 3228 dilutum
445 3156 503 3228 rel
534 3162 622 3248 post
650 3157 797 3249 longius
824 3158 1005 3250 temporis
1032 3156 1270 3229 intervallum
1298 3176 1346 3229 ne
1375 3163 1450 3228 tur-

258 3284 379 3371 betur;
417 3305 501 3357 cum
536 3285 732 3390 quintuplo
769 3285 959 3358 volumine
985 3305 1105 3377 aquae
1126 3284 1295 3374 dilutum,
1325 3304 1452 3376 super-

257 3412 341 3484 fusa
366 3411 553 3484 solutione
574 3413 661 3486 ferri
680 3413 845 3485 sulfurici
866 3435 921 3497 eo,
943 3435 1019 3505 quo
1038 3413 1202 3504 liquores
1220 3433 1261 3484 se
1283 3415 1452 3501 tangunt,

258 3543 375 3613 strato
409 3559 545 3612 zonam
578 3541 723 3614 fuscam
757 3563 804 3614 ne
837 3541 1020 3614 exhibeat.
1058 3540 1195 3614 Decem
1234 3539 1453 3611 centimetra

258 3668 387 3740 cubica
402 3665 507 3756 acidi,
523 3688 609 3740 cum
626 3668 1000 3761 decuplaquantitate
1013 3690 1133 3768 aquae
1151 3668 1277 3755 diluta,
1289 3667 1453 3738 colorem

256 3794 412 3868 rubrum
445 3817 531 3868 cum
563 3796 681 3870 tribus
716 3798 793 3870 sive
818 3803 981 3889 quatuor
1012 3799 1125 3888 guttis
1150 3794 1346 3869 solutionis
1367 3793 1453 3866 kalii

259 3921 586 4014 hypermanganici
631 3925 665 4015 (1
689 3947 696 3995 :
717 3926 835 4014 1000)
870 3925 1054 4015 effectum,
1096 3945 1163 4017 per
1206 3922 1452 4015 quadrantem

259 4049 400 4121 circiter
413 4050 530 4123 horae
551 4057 712 4124 servent.
733 4052 891 4125 Acidum
912 4059 1019 4126 caute
1040 4053 1077 4125 in
1097 4073 1237 4145 aquam
1255 4050 1453 4142 hydrosul-

258 4178 419 4250 furatam
438 4177 658 4251 instillatum
678 4202 725 4252 ne
745 4186 824 4253 tum
857 4182 1008 4274 quidem
1037 4181 1206 4252 turbetur
1235 4184 1298 4251 aut
1329 4178 1452 4250 colore

259 4305 364 4379 viridi
383 4305 579 4394 inficiatur,
599 4327 716 4397 quum
737 4309 967 4381 ammoniam
987 4308 1242 4379 abundantem
1258 4311 1294 4378 et
1314 4326 1453 4376 ammo·

259 4432 362 4506 nium
384 4433 605 4506 sulfuratum
626 4434 833 4522 addideris;
864 4435 977 4507 vicies
997 4456 1097 4526 aqua
1121 4435 1278 4507 dilutum
1299 4436 1454 4522 argento

259 4560 390 4634 nitrico
415 4582 463 4633 ne
488 4561 665 4634 turbetur.
695 4560 737 4633 ln
757 4567 941 4654 apparatu
960 4561 1112 4634 blarsbii
1134 4561 1386 4634 examinatum
1407 4582 1454 4633 ne

260 4687 460 4778 vestigium
486 4689 636 4778 quidem
658 4689 797 4780 speculi
819 4689 979 4760 arsenici
1001 4688 1099 4760 edat.
