3600 5534
836 500 1072 575 -248—

352 718 480 790 metris
501 718 641 790 cubicis
663 718 791 792 decem
812 718 879 810 (10
892 713 966 825 CC)
988 718 1110 805 soluti,
1131 717 1252 792 donec
1266 722 1393 811 guttae
1407 718 1551 811 aliquot

352 844 614 931 chlorotormii‚
635 866 719 916 cuin
740 844 908 916 miscella
941 850 1227 937 conquassatae,
1248 846 1412 919 colorem
1443 869 1547 921 rosa·

352 994 460 1046 ceum
487 994 564 1045 non
592 972 753 1064 amplius
773 978 1063 1047 evanescentem
1079 973 1242 1047 trahunt.

834 1314 1066 1459 Species.

461 1540 698 1613 substantiae
728 1540 775 1611 ad
806 1540 952 1632 species
977 1539 1166 1633 parandas
1195 1539 1431 1614 adhibendae
1459 1560 1548 1614 con·

351 1668 508 1741 cidendo
529 1668 588 1741 vel
606 1668 795 1759 raspando
815 1666 873 1740 vel
893 1665 1157 1740 contundendo
1178 1668 1383 1760 aequaliter
1396 1668 1549 1741 commi·

350 1801 522 1869 nuantur.
537 1795 665 1867 Pulvis
682 1794 853 1868 subtilior
864 1793 1153 1866 comminuendo
1164 1800 1268 1867 octus
1280 1801 1548 1886 ammoveatur,

351 1924 424 1997 nisi
440 1925 521 2016 ejus
538 1923 751 1997 commixtio
768 1922 996 2017 praescripta
1016 1923 1073 2010 sit,
1094 1942 1169 2013 quo
1188 1922 1228 1995 in
1243 1943 1335 1996 casu
1348 1922 1431 2014 eJus
1445 1922 1550 2025 modi

352 2052 497 2145 species
527 2058 612 2125 ante
642 2052 964 2144 dispensationem
984 2050 1274 2142 conquassando
1293 2073 1425 2125 rursus
1445 2072 1546 2125 com·

349 2180 563 2253 miscendae
578 2185 676 2253 sunt.

458 2308 518 2381 Ad
556 2307 824 2399 cataplasmata
865 2305 1033 2399 paranda
1069 2305 1215 2400 speeies
1261 2304 1310 2378 ad
1356 2306 1548 2398 pulverem

350 2455 524 2527 grossum
542 2436 713 2527 redigant
759 2492 766 2505 .

694 2696 912 2903 spectes
930 2756 1210 2868 Althaeae.

349 2986 449 3079 Rpe:
485 2981 664 3061 tottam
683 2979 856 3059 Althaeae
908 2988 1111 3079 praeamata
1129 2979 1222 3053 mitta
1443 2982 1546 3054 1000

484 3109 628 3188 {indicis
647 3108 819 3188 Althaeae
872 3115 1076 3207 arammata
1095 3109 1282 3207 quiapeata
1467 3108 1545 3182 500

545 3299 561 3329 ,‚
647 3236 857 3341 iniquititice
965 3243 1169 3334 praeamata
1187 3236 1334 3349 ducenta
1352 3241 1384 3307 et

1149 3364 1408 3461 quinquaqinta
1466 3364 1544 3438 250

484 3494 626 3573 tiam
646 3494 779 3572 Multae
860 3500 1062 3591 praeamata
1082 3499 1225 3565 centum.
1468 3494 1545 3567 100

456 3624 618 3697 Concisa
638 3627 674 3697 et
694 3622 895 3695 commixta
914 3643 1033 3695 serva.
1058 3625 1060 3632 '

631 3946 849 4091 Species
874 3947 1254 4054 amaricantes.

341 4173 443 4268 Rpe:
478 4168 617 4249 itariae
636 4168 813 4249 abstitit

537 4360 552 4389 ,‚
640 4296 820 4376 tentanti
839 4297 990 4375 uinetis

475 4427 625 4506 verticis
642 4425 792 4505 tructus
806 4424 971 4504 iurantii
1018 4424 1064 4499 aa
1079 4430 1281 4524 preminate
1296 4429 1431 4496 centum
1463 4426 1540 4500 100

473 4554 654 4633 tetiam
674 4554 814 4633 Tritolii
835 4552 957 4633 titi-int

475 4682 622 4763 Raeticis
639 4684 770 4762 detaut
789 4683 976 4763 nannetici
