3600 5534
638 513 936 586 ¹-39-

657 780 763 887 Asa
787 780 1008 896 foetida.
1062 817 1065 822 ·

517 1009 839 1090 Gummi-resina
863 1011 953 1088 Asa
975 1010 1139 1088 foetida.

339 1203 484 1278 Ferulae
503 1205 660 1298 species
687 1204 859 1296 inprimis
880 1203 1009 1276 Ferale
1033 1202 1264 1276 Scorodosmu
1283 1204 1430 1277 Bent-

231 1333 337 1403 bam
358 1338 393 1404 et
413 1332 611 1404 Hooker
631 1338 667 1404 et
682 1331 809 1403 Ferale
825 1330 978 1404 Nortiae
997 1333 1242 1420 Boissier,
1262 1332 1432 1404 Persium

231 1465 268 1530 et
281 1460 453 1550 regiones
470 1459 685 1552 adjacentes
706 1460 819 1533 Asiae
833 1460 1096 1533 inhabitantes,
1125 1458 1375 1551 Umbelliseroc.

342 1587 486 1659 Succos
503 1587 855 1678 gummi-resinosus
877 1609 897 1658 e
918 1588 1041 1660 radice
1061 1589 1267 1674 vulnerata,
1286 1592 1431 1659 resecto

234 1715 351 1804 caule,
377 1713 557 1802 effluxum
588 1722 673 1786 abre
699 1715 912 1804 induratus,
947 1715 1049 1788 sist't
1074 1721 1139 1787 aut
1166 1735 1283 1806 grana
1301 1714 1431 1800 laevia,

232 1863 310 1914 non
328 1864 414 1914 raro
434 1843 562 1914 leviter
582 1863 808 1933 compressa,
829 1843 954 1916 variae
974 1842 1255 1934 magnitudinis
1272 1841 1433 1914 discreta

234 1974 299 2041 aut
318 1970 413 2042 inter
431 1992 472 2042 se
492 1969 757 2060 conglutinata,
782 1968 1005 2062 plerumque
1026 1977 1153 2043 autem
1172 1990 1324 2042 massas
1345 1968 1431 2040 irre·
1506 2010 1510 2019 ·

232 2097 381 2187 gulares
406 2097 620 2189 ampliores,
642 2097 872 2168 extrinsecus
893 2098 1027 2169 coloris
1047 2097 1272 2184 ssavo-fusci,
1297 2097 1435 2188 partim

232 2223 397 2313 violacei,
410 2225 448 2296 in
459 2224 621 2296 fractura
632 2225 815 2296 conchata
830 2224 981 2312 lacteas
998 2225 1179 2317 opaiinas,
1195 2247 1302 2297 cerae
1317 2225 1435 2295 instar

234 2352 408 2438 nitentes
428 2373 516 2424 mox
539 2356 869 2445 purpurascentes
894 2351 1047 2424 tandem
1071 2353 1337 2438 tumescentes
1363 2350 1433 2422 sub

235 2478 357 2570 digitis
373 2480 632 2567 lentescentes,
652 2480 688 2552 in
710 2479 930 2569 fragmentis
951 2480 1125 2551 tenuibus
1142 2479 1432 2572 subpettueidas,

235 2606 362 2678 odoris
373 2607 604 2698 penetrantis
624 2606 764 2678 alliacei
778 2607 1023 2696 persistentis
1041 2607 1189 2698 saporis
1207 2607 1315 2697 acris,
1333 2628 1432 2678 ama-

235 2735 396 2807 ricantis.

346 2861 440 2935 Cum
470 2883 569 2953 aqua
597 2862 683 2934 trita
712 2863 791 2935 Asa
819 2862 960 2935 foetida
990 2862 1237 2934 emulsionem
1270 2860 1433 2932 albidam

235 2990 397 3081 praebet.
414 2988 530 3061 Acido
546 2989 829 3080 hydrochlorico
850 3011 897 3062 ne
914 2990 1021 3061 valde
1043 2989 1269 3074 effervescat,
1292 2986 1433 3059 sensim

237 3117 400 3188 colorem
419 3117 512 3188 belle
533 3116 688 3188 viridem
707 3117 836 3189 induit.
859 3118 1064 3190 Combusta
1083 3115 1231 3209 neptus
1254 3136 1368 3206 quam
1388 3137 1433 3186 ex

235 3244 406 3336 partibus
427 3250 578 3316 centum
598 3250 724 3336 partes
746 3246 874 3318 decem
895 3245 1029 3317 cineris
1048 3244 1244 3335 relinquat.

344 3371 471 3444 Pulvis
500 3372 702 3460 lutescenS,
723 3371 858 3462 frigore
879 3393 925 3444 ex
944 3371 1022 3444 Asa
1041 3372 1181 3443 foetida
1201 3371 1376 3442 obtentus
1398 3377 1435 3442 et

237 3500 283 3570 ab
302 3499 481 3571 immixtis
502 3499 713 3590 quisquiliis
730 3519 800 3591 ope
823 3500 932 3572 cribri
951 3500 1089 3571 setacei
1105 3498 1241 3570 adhoc
1257 3498 1433 3572 destinati

238 3632 427 3718 purgatus
448 3632 615 3700 servetur
634 3629 716 3699 loco
737 3627 836 3698 sicco
858 3632 895 3699 et
915 3632 974 3699 sat
991 3625 1134 3717 frigido.

314 4081 804 4218 Alcumenam
841 4080 1370 4218 uulpurronem.

348 4301 475 4374 Pulvis
492 4303 740 4394 crystallinus,
763 4303 880 4391 albus
898 4303 1004 4374 facilc
1019 4304 1056 4374 in
1073 4325 1182 4393 aqua,
1205 4302 1335 4393 spiritu
1349 4303 1437 4388 vini,

240 4429 392 4501 omnino
414 4431 547 4502 nonin
568 4419 719 4502 aethere
740 4434 777 4501 et
797 4429 1062 4501 chloroiormio
1083 4429 1262 4502 solubilis.

349 4557 492 4629 Solutio
509 4579 656 4650 aquosa
673 4562 729 4630 est
746 4557 944 4630 reactionis
960 4557 1139 4647 neutrius
1160 4557 1294 4629 millies
1315 4555 1438 4629 adhuc

241 4684 357 4756 diluta
377 4686 525 4777 saporis
547 4685 716 4774 ammari,
737 4706 924 4757 nauseam
939 4687 1135 4773 moventis,
1154 4684 1334 4778 pupillam
1350 4683 1438 4754 dila-
