3600 5534
698 551 934 624 -117-

213 767 268 840 vel
290 769 471 863 quinque·
491 771 538 842 ad
558 770 798 863 septemloba,
824 770 920 843 lobis
946 770 1101 860 obtusis,
1128 771 1406 864 subduplicato·

214 897 556 986 menate-dentatis,
574 897 755 990 quinque·
771 902 836 968 ant
850 899 1134 990 septemnervia,
1154 898 1407 992 pilosiuscula,

214 1045 328 1117 supra
347 1030 511 1099 saturata
531 1024 671 1108 viridia,
692 1024 825 1096 subtus
844 1023 1049 1115 pallidiora,
1070 1027 1243 1115 inodora,
1263 1025 1409 1118 saporis
1470 1077 1476 1088 .

213 1151 484 1244 mucilaginosi,
507 1175 526 1226 e
545 1151 680 1245 plantis
695 1152 979 1224 florescentibus
995 1154 1206 1245 colligenda
1220 1158 1256 1224 et
1271 1153 1410 1225 siccata

213 1279 410 1353 servanda.

321 1423 457 1518 Species
477 1425 688 1496 emollientes.

584 1816 734 1926 l'olia
759 1819 1026 1928 Melissae.

320 2083 458 2157 Melissa
479 2084 666 2180 officinalis
685 2083 816 2174 Lino,
839 2083 969 2175 planta
986 2083 1173 2174 perennis,
1195 2081 1233 2154 in
1259 2082 1410 2175 Europa

212 2211 366 2283 australi
385 2211 572 2304 indigena,
593 2211 736 2301 passim
755 2211 793 2283 in
813 2211 933 2282 hortis
953 2211 1063 2283 culta.
1086 2209 1267 2283 Ludicrae.

320 2357 422 2429 Folia
435 2358 546 2448 longe
561 2357 746 2448 petiolata,
767 2353 841 2427 late
862 2361 974 2428 ovata
993 2357 1053 2428 vel
1069 2357 1306 2443 subcordata,
1323 2377 1407 2429 cen-

212 2483 357 2556 timetra
375 2485 540 2578 quinque
562 2505 750 2557 summum
778 2483 900 2572 longa,
931 2504 1060 2574 grosse
1081 2489 1408 2573 creneio-serrata,

211 2612 347 2691 tenuia,
378 2633 493 2704 supra
521 2616 684 2683 saturata
714 2609 853 2698 viridia,
883 2610 1106 2701 subrugosa,
1136 2612 1270 2684 subtus
1299 2611 1404 2704 palli·

212 2737 325 2827 diora,
356 2739 517 2831 sparsim
547 2738 669 2829 pilosa
699 2743 734 2810 et
762 2737 905 2809 minute
934 2738 1168 2829 glandulosa,
1197 2759 1312 2811 nervo
1338 2739 1407 2831 pri·

150 2876 152 2880 ·
211 2865 326 2937 mario
364 2871 524 2958 utroque
561 2871 689 2938 ternos
728 2871 793 2938 aut
830 2887 943 2936 senos
982 2887 1118 2938 nervos
1163 2867 1407 2938 secundarios

211 2993 406 3080 emittente,
432 2999 534 3083 grate
551 2992 759 3082 citriodora‚
777 2993 923 3085 saporis
935 2993 1138 3079 aromatici,
1155 2993 1407 3084 amariusculi‚

211 3119 559 3211 subadstrlngentis

319 3264 424 3338 Folia
443 3265 572 3355 planta
596 3265 816 3339 florescente
847 3266 1003 3339 collecta
1031 3272 1068 3338 et
1096 3267 1236 3339 siccata
1260 3267 1297 3338 in
1317 3289 1407 3340 vase

212 3391 304 3464 bene
325 3393 456 3464 clauso
476 3412 525 3464 ne
545 3393 641 3465 ultra
661 3413 803 3466 annum
823 3398 1031 3467 serventur.

315 3538 432 3633 Aqua.
455 3539 561 3633 Aqua
580 3540 772 3611 cromatica
790 3541 990 3634 spiritunon.
1007 3539 1166 3636 Spiritus
1179 3541 1403 3612 aromaticus,

462 3932 611 4041 l'olia
636 3934 889 4042 Menthae
919 3938 1150 4077 crispae.

315 4191 454 4265 Mentha
475 4186 590 4290 crispo
615 4194 738 4267 Linn.
767 4201 803 4267 et
828 4196 923 4268 aliae
943 4196 1183 4269 Mentharum
1201 4195 1401 4268 varietates

210 4319 305 4392 loliis
327 4320 457 4414 crispis
477 4321 516 4394 in
535 4321 654 4395 hortis
675 4324 806 4394 cultae.
829 4321 1011 4394 Ludicrae.

315 4465 420 4539 Folia
434 4467 650 4540 brevissime
667 4469 845 4560 petiolata
861 4476 926 4541 aut
945 4469 1104 4558 sessilia,
1126 4468 1259 4557 ovalia,
1281 4474 1403 4556 ovata,

212 4600 272 4664 aut
292 4592 456 4684 cordata,
477 4594 702 4677 acuminata,
732 4596 900 4686 margine
930 4597 1062 4689 crispa,
1083 4601 1213 4687 argute
1239 4597 1404 4683 dentata,

212 4719 382 4794 dentibus
392 4723 585 4815 productis
597 4728 633 4794 et
643 4721 802 4811 retleris,
818 4723 1122 4816 hulloso-rugosa
1138 4725 1197 4796 vel
1212 4722 1404 4810 undulata,
1485 4792 1488 4798 ,
