3600 5534
872 567 1086 638 ..qq-

636 776 970 885 lamoniam
996 778 1318 886 oromatum.

489 963 616 1036 Pulvis
641 964 761 1052 albus
782 965 1029 1057 crystallinus,
1057 966 1164 1037 facile
1183 964 1221 1037 in
1243 987 1351 1058 aqua
1382 966 1581 1039 difficulter

378 1090 417 1162 in
436 1091 565 1182 spiritu
579 1091 655 1163 vini
672 1093 853 1181 solubilis,
872 1094 1096 1166 fervefactus
1109 1094 1220 1186 plane
1238 1095 1416 1183 volatilis;
1439 1095 1579 1167 solutio

380 1239 527 1312 aquosa
542 1225 599 1291 est
612 1219 810 1291 reactionis
825 1219 1011 1306 neutrius;
1028 1219 1162 1292 additis
1174 1221 1315 1313 aliquot
1325 1221 1440 1311 guttis
1457 1241 1579 1313 aquae

381 1345 496 1418 chlori
513 1351 549 1417 91
569 1346 819 1418 chlorosorrnii
838 1346 925 1418 huic
942 1348 1235 1439 conquassando
1255 1349 1419 1421 colorem
1441 1370 1460 1421 9
1480 1348 1578 1419 tlavo

379 1472 535 1544 rubrum
562 1473 703 1558 tribuit;
735 1495 821 1545 curn
855 1474 952 1545 kalio
978 1473 1263 1566 hydrooxydato
1296 1475 1412 1546 rnixta
1437 1497 1580 1546 ammo-

379 1600 482 1671 niam
501 1600 653 1672 redolet.

489 1727 550 1800 Sal
570 1727 760 1801 nonnullis
776 1727 890 1818 guttis
912 1726 1007 1801 acidi
1025 1726 1191 1800 sulfurici
1213 1727 1317 1801 diluti
1336 1729 1578 1801 humectatus

384 1855 547 1927 colorem
593 1856 732 1928 tlavnrn
771 1876 818 1926 ne
857 1856 983 1926 statim
1016 1854 1150 1928 trahat.
1190 1854 1414 1928 Centimetra
1448 1856 1579 1928 cubica

383 1983 548 2073 quinque
567 1982 765 2054 solutionis
787 2003 955 2074 aquosae
977 1985 1012 2071 (1
1026 2005 1033 2053 :
1048 1984 1122 2070 10),
1149 2003 1331 2054 cumuna
1351 1989 1457 2074 gutia
1475 1985 1576 2055 solu-

384 2109 494 2181 tionis
527 2110 613 2182 19111
648 2109 938 2202 sesquichlorati
971 2110 1088 2181 mixta
1112 2115 1148 2182 91
1168 2110 1295 2181 addito
1316 2109 1580 2182 clrloroforrnio

383 2241 647 2329 conquassata,
668 2237 754 2308 hnic
776 2237 938 2309 colorem
957 2236 1167 2309 violaceum
1185 2258 1233 2308 ne
1253 2237 1429 2308 tribuant.

491 2364 585 2435 Salis
620 2363 692 2435 sub
725 2368 981 2455 temperatura
1011 2364 1109 2435 100Ο
1139 2364 1267 2435 siccati
1288 2364 1580 2454 decigramnrata

382 2492 543 2580 000100
556 2489 661 2580 0101)
677 2491 715 2561 in
732 2491 859 2563 decem
876 2491 1019 2562 circiter
1030 2491 1253 2563 centimetris
1273 2491 1415 2562 cubicis
1428 2491 1578 2580 (lnce)

380 2641 501 2711 aquae
526 2618 735 2691 destillatae
756 2613 893 2702 soluta,
921 2617 1056 2689 additis
1077 2617 1220 2711 aliquot
1239 2618 1357 2708 guttis
1378 2616 1579 2688 solutionis

380 2745 465 2817 lralii
486 2745 674 2832 elnornici,
707 2765 775 2816 nec
801 2745 897 2816 inira
930 2742 1058 2834 viginti
1087 2765 1157 2816 nec
1176 2744 1274 2816 ultra
1302 2744 1431 2836 viginti
1460 2764 1579 2815 00010

380 2873 443 2961 (tl
470 2871 542 2959 CC)
565 2872 782 2943 centimetra
803 2869 934 2942 cubica
954 2870 1151 2942 solutionis
1176 2871 1319 2961 argenti
1337 2870 1457 2941 uitrici
1479 2870 1578 2942 deci·

380 2999 557 3071 normalis
578 2998 780 3091 requirant,
801 2999 921 3069 donec
940 2997 1227 3089 praecipitatum
1240 2997 1326 3068 inde
1343 3003 1468 3069 ortum
1488 3019 1577 3070 con-

381 3131 526 3198 stanter
545 3123 702 3197 rubrum
723 3125 885 3196 colorem
907 3129 1114 3196 conservat.

479 3441 481 3448 ·
615 3390 942 3497 Ammoniurn
970 3391 1335 3509 carbonicuin.

488 3577 637 3650 Massae
667 3578 916 3669 crystallinae,
955 3578 1079 3665 durae,
1114 3577 1335 3669 diaphanae,
1361 3580 1579 3653 901011991-

378 3708 514 3797 peries
535 3704 661 3776 odoris
691 3705 905 3796 pungentis
928 3705 1217 3793 ammoniacalis,
1239 3712 1325 3776 aare
1346 3707 1578 3796 fatiscentes

378 3831 466 3903 hinc
495 3832 749 3902 exstrinsecus
783 3833 1007 3924 plerumque
1035 3831 1189 3924 pulvere
1214 3831 1299 3904 albo
1320 3834 1510 3919 obtectae;
1541 3835 1578 3906 in

378 3959 571 4052 pulverem
596 3959 770 4032 redactae
792 3960 897 4030 facile
918 3960 957 4030 in
977 3980 1077 4051 aqua
1090 3959 1300 4049 solvuntur,
1325 3962 1447 4034 calore
1463 3963 1575 4053 plane

379 4086 558 4173 volatiles
579 4086 693 4158 acidis
713 4086 900 4176 adjunctis
921 4086 1181 4159 effervescunt.

489 4212 631 4284 Solutio
648 4235 802 4304 aquosa,
820 4217 976 4303 argento
987 4212 1118 4285 uitrico
1131 4215 1280 4287 abunde
1292 4215 1406 4288 mixta
1418 4222 1454 4287 et
1470 4216 1578 4288 acido

379 4340 508 4412 nitrico
550 4339 746 4426 acidulata,
781 4360 904 4431 neque
945 4340 1108 4410 colorem
1140 4341 1289 4413 tuscum
1333 4343 1468 4430 trahat,
1506 4363 1578 4415 nec

378 4472 465 4560 post
485 4466 627 4556 aliquot
653 4471 802 4557 tempus
830 4466 1052 4557 plusquam
1077 4466 1285 4557 opalescat:
1313 4468 1444 4540 eadem
1469 4471 1578 4542 acido

379 4594 519 4666 ucetico
539 4593 725 4664 acidulata
744 4614 868 4684 neque
888 4612 990 4682 aqua
1009 4591 1322 4681 hydrosullurata,
1341 4616 1412 4666 nec
1432 4617 1576 4670 ammo·

377 4723 441 4793 nio
462 4721 617 4808 oxalic0,
637 4741 708 4792 nec
728 4721 846 4810 baryo
867 4717 999 4790 uitrico
1019 4723 1195 4791 mutetur.
