3600 5534
892 511 1130 582 -140-

515 728 655 816 Herba,
694 728 891 822 incipiente
930 728 1164 801 florescentia
1202 728 1428 819 colligenda,
1466 727 1601 819 ubique

408 856 547 947 glabra,
582 856 679 927 foliis
709 856 846 948 pluries
882 856 1170 949 pinnati-sectis
1209 856 1291 927 basi
1329 855 1602 947 vaginantibus

408 983 641 1056 inferioribus
679 983 1070 1076 fistuloso-petronus,
1105 983 1360 1076 superioribus
1394 982 1600 1066 sessilibus
1715 994 1719 1002 '

407 1110 675 1203 suboppositis
695 1111 836 1182 laciniis
851 1111 991 1184 ultimis
1008 1111 1180 1201 oblongis
1201 1115 1265 1182 aut
1284 1109 1601 1200 ovato-oblongis,

406 1238 703 1327 inciso-serratis
719 1238 889 1310 lacinulis
906 1237 1123 1309 lanceolatis
1140 1237 1427 1324 mucronnlatis;
1448 1237 1601 1309 floribus

406 1366 542 1458 parvis,
573 1364 667 1437 albis
697 1365 920 1452 umbellatis‚
940 1364 1112 1436 umbellis
1147 1364 1357 1435 duodecim·
1387 1364 1432 1435 ad
1461 1363 1600 1453 viginti-

406 1491 572 1572 radiatis,
588 1493 780 1564 involucro
795 1492 1023 1584 polypbyllo,
1039 1490 1173 1562 foliolis
1188 1491 1415 1577 lanceolatis‚
1427 1490 1601 1580 inaequa-

406 1621 514 1708 tibus,
536 1619 692 1707 reflexis,
714 1619 945 1692 involucellis
964 1617 1025 1690 tri·
1049 1618 1108 1690 vel
1127 1619 1363 1711 tetrapliyllis
1385 1618 1596 1702 dimidiatis,

405 1747 539 1820 foliolis
575 1747 707 1834 oratis
741 1746 869 1834 acutis,
905 1745 1072 1836 margine
1111 1745 1420 1831 membranaceis
1461 1745 1601 1820 albidis,

404 1875 487 1947 basi
508 1873 690 1960 connatis,
710 1873 944 1945 brevioribus
966 1872 1177 1944 umbellula.

436 1989 437 1995 ¹
512 2002 884 2074 Herbamarcescens
898 2005 957 2073 est
970 2000 1098 2073 odoris
1113 1996 1518 2093 peculiarisnauseosi‚
1536 1999 1601 2071 sic-

406 2132 491 2202 cata
501 2129 562 2200 vix
578 2128 706 2216 odora,
723 2129 866 2220 liquore
875 2128 962 2200 kalii
974 2126 1246 2218 hydrooxydati
1257 2127 1485 2215 humectata,
1498 2126 1600 2198 illum

405 2257 558 2328 odorem
569 2257 793 2348 peculiarem
806 2260 1013 2350 recuperat.
1030 2254 1226 2327 Caeterum
1242 2275 1265 2325 a
1280 2254 1384 2326 caule
1400 2254 1523 2326 fusco·
1540 2260 1603 2326 aut

403 2384 723 2456 rubro-maculato
745 2383 937 2475 ramisque
957 2385 1201 2459 validioribus
1230 2386 1387 2458 liberata
1408 2390 1444 2457 et
1463 2384 1603 2456 siccata

403 2511 441 2583 in
460 2533 552 2582 vase
571 2511 667 2582 bene
688 2511 817 2584 clauso
839 2519 946 2584 caute
966 2534 1034 2586 nec
1053 2514 1151 2586 ultra
1172 2534 1313 2585 annum
1334 2513 1532 2584 servanda.

511 2638 565 2710 Ne
582 2639 790 2711 confundas
807 2660 893 2712 cum
909 2641 988 2713 aliis
1006 2640 1245 2713 umbelliferis
1270 2645 1311 2711 ut
1329 2639 1496 2732 inprimis
1517 2660 1602 2711 cum

411 2765 655 2860 tiloemplyllo
675 2765 809 2837 bulboso
830 2767 1007 2857 (Lino),
1036 2768 1141 2840 caule
1160 2767 1301 2840 inferne
1320 2767 1430 2852 hirto
1460 2767 1603 2839 laciniis

404 2893 577 2965 foliorum
602 2891 838 2983 superiorum
864 2895 1156 2986 subcapillaceis,
1185 2893 1380 2967 involucro
1409 2893 1513 2966 nullo
1542 2899 1605 2966 aut

396 3005 660 3111 'monopbyllo
680 3019 956 3113 schyzocarpiis
986 3022 1234 3095 acicularibus
1256 3027 1292 3098 et
1312 3044 1396 3095 cum
1416 3022 1603 3094 Anthrisco

404 3147 551 3220 silvestri
576 3146 696 3238 (Hofs
703 3150 781 3236 m),
802 3149 907 3221 caule
926 3150 1070 3222 inferne
1089 3149 1245 3236 hirsuto,
1271 3149 1367 3221 foliis
1392 3151 1527 3223 subtus
1557 3151 1605 3222 ad

404 3295 542 3348 nervos
570 3273 653 3366 pilis
683 3273 817 3348 albidis
848 3277 1055 3369 adspersis
1091 3277 1283 3348 involucro
1313 3276 1425 3362 nullo,
1461 3277 1603 3349 involu-

405 3401 507 3474 cellis
524 3400 759 3494 polyphyllis,
780 3401 882 3475 haud
903 3403 1115 3491 dimidiatis,
1132 3403 1399 3494 sebizocarpiis
1415 3403 1601 3496 oblongis

404 3529 522 3602 acutis
543 3529 820 3618 dignoscendis.
1691 3499 1695 3507 ’

512 3649 732 3727 Ectractmnss
754 3654 1010 3750 Emplastrum.

710 3941 893 4049 Herba
924 3942 1280 4088 (lalcopsidis.

518 4147 698 4242 Golcopsis
707 4147 1270 4243 ocbrolcncaLamarck‚planta
1279 4172 1407 4223 annua
1417 4151 1599 4243 indigena

403 4275 440 4347 in
460 4275 559 4366 agris
580 4276 754 4367 arvisque
775 4277 948 4349 arenosis
970 4278 1190 4350 Germaniae
1210 4278 1355 4351 mediae
1375 4286 1411 4351 et
1431 4281 1598 4353 occiden-

403 4403 488 4475 talis
509 4403 684 4494 vulgaris
707 4401 890 4475 Lahiotoe.

512 4529 638 4602 Herba
673 4530 805 4603 florida
837 4531 992 4619 siccata,
1026 4534 1178 4605 concisa
1211 4535 1282 4605 sub
1308 4535 1460 4608 nomine
1480 4531 1598 4611 Tirone

403 4651 758 4733 blankenheimensis
798 4659 855 4731 vel
890 4655 1026 4735 llerbae
1064 4657 1304 4736 liebertum
1342 4667 1443 4750 nota,
1493 4665 1597 4736 caule
