3600 5534
847 517 1083 591 —248-

363 736 491 807 metris
513 735 652 807 cubicis
674 735 803 809 decem
823 736 891 827 (10
904 731 977 843 CC)
999 735 1122 822 soluti,
1142 735 1263 809 donec
1276 738 1404 828 guttae
1418 735 1561 829 aliquot

363 863 625 950 chlorosonnii,
646 884 731 934 oum
751 862 919 934 miscella
952 867 1238 955 conquassatae,
1259 862 1423 937 colorem
1454 886 1558 938 rosa·

363 1012 471 1064 ceum
499 1012 575 1064 non
604 990 765 1083 amplius
784 996 1073 1064 evanescentem
1090 991 1254 1064 trahunt.

845 1331 1078 1477 Species.

472 1558 709 1632 Substantiae
739 1558 787 1629 ad
818 1558 963 1649 species
988 1556 1177 1649 parandas
1206 1556 1442 1632 adhibendae
1470 1577 1559 1631 oon·

362 1686 520 1760 oidendo
540 1686 599 1759 vel
617 1686 806 1777 raspando
826 1684 885 1758 vel
905 1684 1168 1757 contundendo
1189 1685 1393 1777 aequaliter
1408 1685 1560 1758 commi-

361 1819 533 1888 nuantur.
548 1813 676 1886 Pulvis
693 1811 864 1885 subtilior
875 1811 1164 1884 comminuendo
1175 1817 1279 1885 onus
1292 1816 1559 1904 amoveatur,

362 1944 436 2016 nisi
451 1941 532 2034 ejus
549 1940 762 2014 commixtio
777 1940 1008 2033 praescripta
1026 1940 1085 2027 sit,
1105 1960 1180 2032 quo
1199 1939 1240 2013 in
1254 1961 1346 2013 casu
1360 1938 1442 2042 ejus
1457 1940 1561 2012 modi

363 2070 508 2162 species
538 2075 623 2143 ante
653 2069 975 2161 dispensationem
996 2069 1286 2159 conquassando
1304 2090 1437 2142 rursus
1456 2089 1558 2142 oom-

360 2197 574 2270 misoendae
589 2203 687 2270 sunt.

469 2325 529 2398 Ad
567 2325 835 2417 cataplasmata
877 2324 1044 2417 paranda
1080 2322 1226 2417 speeies
1273 2323 1322 2395 ad
1367 2324 1560 2418 pulverem

361 2474 535 2545 grossum
553 2454 777 2545 redigantur.

705 2715 923 2920 Species
941 2774 1222 2886 Althaeae.

360 3003 460 3096 Rpe:
495 2998 675 3078 Foliam
695 2997 867 3077 Althaeae
919 3006 1122 3096 qrammuto
1141 2998 1233 3071 mille
1454 2998 1558 3071 1000

496 3127 640 3225 &diois
658 3125 831 3205 Atilianae
884 3134 1087 3226 erammutu
1106 3127 1294 3223 quinqentu
1478 3124 1557 3199 500

557 3316 572 3347 „
659 3254 868 3357 tiquntttae
976 3260 1180 3352 grammato
1197 3253 1344 3325 ducenta
1363 3259 1395 3324 et

1160 3356 1420 3479 quinquaqinta
1477 3380 1555 3456 250

495 3511 791 3591 florentiniano
871 3518 1074 3608 qrammuto
1093 3516 1236 3583 centum.
1480 3509 1556 3583 100

467 3642 629 3715 Conoisa
649 3645 686 3714 et
705 3640 906 3713 commixta
925 3659 1044 3712 serva.
1069 3643 1072 3649 ’

482 4012 484 4017 ’
644 3965 860 4109 Spooios
886 3964 1266 4072 amariountes

353 4191 454 4285 Rpe:
490 4186 628 4267 deniae
647 4185 825 4266 absinthii

549 4378 563 4407 ‚,
652 4314 831 4395 Centauri!
852 4312 1002 4393 nitoris

487 4446 637 4524 tonius
653 4442 803 4523 tructus
818 4442 982 4521 duratii
1030 4442 1076 4515 oo
1090 4447 1292 4540 drammatis
1307 4447 1443 4513 centum
1474 4442 1551 4521 100

484 4571 666 4653 Foliorum
685 4570 826 4651 tntottt
846 4570 968 4651 tin-t

486 4700 633 4781 Badiois
650 4701 781 4781 dalani
800 4700 988 4780 aromotioi
