3600 5534
713 529 991 674 ”8⁹2

332 747 518 821 Humeeta
536 749 729 842 pulverem
749 749 899 822 invase
919 745 1158 841 porcellaneo
1179 767 1265 820 oum

360 869 515 970 Spiritus
536 875 611 951 lut
632 872 739 952 diluti
770 899 800 971 q.
820 898 846 946 s.

224 1001 313 1094 quin
334 1001 588 1092 conglobetur.
610 1003 757 1096 Sepone
777 1024 844 1095 per
863 1001 1009 1075 horam.

331 1128 430 1202 Tum
448 1129 574 1222 ingere
594 1151 761 1202 massam
789 1129 829 1201 in
855 1135 1079 1222 apparatum
1106 1130 1361 1222 depulsorium
1382 1134 1418 1202 et

222 1255 488 1348 superadunde

358 1375 514 1479 Spiritus
534 1381 609 1458 lul
630 1381 737 1460 diluti
765 1392 965 1480 matamala
984 1383 1083 1454 natue.
1314 1385 1417 1456 1000
1482 1385 1488 1400 ’

333 1508 480 1583 Macera
498 1532 565 1603 per
583 1511 711 1602 viginti
731 1517 816 1584 octo
836 1511 962 1584 horas.
990 1511 1071 1584 Hoc
1096 1516 1262 1602 tempore
1290 1512 1418 1603 elapso

222 1633 280 1706 fac
300 1636 487 1727 liquorem
507 1637 672 1711 defluere
693 1645 730 1712 et
748 1659 815 1732 per
833 1639 935 1712 vices
955 1609 1107 1710 aliunde

358 1757 515 1861 Spiritus
536 1761 611 1839 lul
633 1764 741 1841 diluti
769 1771 1007 1862 prominulam
1027 1766 1100 1837 trio
1118 1763 1243 1838 millia.
1311 1764 1416 1837 3000

329 1889 512 1984 Liquores
547 1893 721 1966 collectos
754 1893 794 1964 in
826 1893 961 1965 balneo
996 1914 1116 1986 aquae
1147 1892 1418 1968 destillandoa

221 2018 349 2110 spiritu
369 2017 444 2090 vini
463 2018 587 2106 libera,
606 2021 798 2093 residuum
817 2021 856 2094 in
876 2021 1012 2094 balneo
1033 2042 1154 2113 aquae
1176 2020 1416 2111 evaporando

222 2145 268 2218 ad
289 2145 575 2218 consistentiam
594 2148 746 2219 extracti
773 2147 884 2239 spissi
905 2147 1040 2238 redige.

418 2543 916 2654 mirantum
954 2541 1215 2657 Modo.

219 2801 321 2896 Rpe:
358 2798 462 2877 diois
480 2798 693 2901 plitaniae
761 2809 963 2898 praumato
983 2802 1171 2899 quinpento
1336 2804 1415 2875 500

219 2931 322 3003 solve
341 2928 380 3002 in

365 3053 485 3155 ique
506 3050 713 3132 destillatae
733 3052 924 3134 bullientis

678 3187 680 3192 ’
759 3186 931 3280 promotis
954 3183 1086 3256 duobus
1104 3184 1257 3256 umidus
1276 3191 1305 3254 et

819 3312 1014 3408 quiupeutis
1307 3313 1412 3385 0500

220 3439 287 3511 sub
302 3444 484 3532 perpetua
501 3437 710 3530 agitatione.
728 3437 873 3529 Sepone
889 3460 957 3532 per
973 3439 1068 3512 duas
1083 3439 1162 3510 dies
1173 3438 1255 3510 loeo
1266 3438 1411 3530 frigido,

221 3567 296 3636 tum
334 3563 519 3657 liquorem
555 3563 751 3657 limpidum
788 3566 976 3638 decantlla
1013 3571 1050 3638 et
1086 3566 1279 3639 residuum
1317 3567 1410 3639 oola.

218 3690 396 3786 Liquores
416 3692 639 3766 commixtos
659 3693 794 3766 balneo
815 3714 936 3786 aquae
956 3693 1005 3766 ad
1024 3694 1164 3767 siecum
1182 3693 1319 3786 redige.

243 4147 754 4259 Iloetraomm
796 4150 1384 4262 Belladonnae

598 4309 1027 4448 foliorum.

321 4569 476 4643 Paretur
493 4591 512 4642 e
528 4571 640 4680 Foliis
656 4570 909 4644 Belladonnae
924 4571 1126 4663 pulveratis
1140 4574 1183 4643 ut
1195 4569 1409 4643 Extraetmn

213 4695 370 4770 Aeonili.
