3600 5534
714 574 958 651 -tdt-

336 796 501 871 Miscella
527 798 677 890 saepius
707 796 883 890 agitando
910 802 984 871 stet
1011 818 1079 890 per
1103 796 1211 887 diem,
1231 800 1312 870 tum
1330 796 1426 868 sedi·

228 930 395 997 mentum
410 946 433 997 a
446 924 588 1016 liquore
604 930 830 1017 separatum,
851 945 1009 1017 prorsus
1028 923 1172 998 elutum
1191 929 1228 996 et
1248 924 1430 997 siccatum

228 1073 295 1143 per
315 1052 475 1124 cribrum
493 1051 709 1142 trajiciatur.

337 1177 392 1251 Sit
420 1178 542 1271 pulvis
575 1179 730 1270 subtilis
751 1179 927 1268 citrium,
962 1178 1203 1267 siccissimuS,
1243 1180 1305 1271 qui
1343 1200 1428 1251 cum

229 1306 416 1379 ammonia
424 1310 637 1400 quassatuS,
645 1306 818 1382 filtrando
828 1307 1013 1399 liquorem
1020 1307 1199 1399 praebeat
1207 1306 1427 1393 decolorem,

228 1438 313 1525 post
335 1434 636 1526 evaporationem
663 1434 754 1507 nibil
774 1435 912 1507 residui
929 1434 1217 1528 relinquentem;
1239 1435 1427 1507 humecta·

229 1567 290 1634 lus
310 1582 409 1653 aqua
429 1561 597 1634 chartam
615 1562 902 1655 exploratoriam
922 1562 1133 1635 caeruleam
1152 1582 1200 1633 ne
1218 1561 1258 1633 in
1277 1562 1430 1635 rubram

228 1692 357 1762 mutet.

337 1814 575 1889 Ferveiactus
596 1816 774 1911 deflagrat
791 1818 941 1891 residuo
960 1815 1161 1908 perexiguo
1181 1816 1320 1889 relicto,

341 1942 461 2015 Pulvis
479 1942 697 2040 laquiriiioe
716 1946 932 2041 compositus,

509 2228 692 2339 Suliur
718 2230 1155 2374 praecipitatum.

686 2424 772 2503 nac
795 2424 970 2503 sulfuris.

229 2597 328 2691 ltpe:
365 2596 474 2673 bricii
489 2595 635 2699 oxydati
650 2604 817 2678 recenter
833 2601 906 2676 usti
933 2598 1302 2698 yrammataduccnto.
1352 2599 1430 2671 000

337 2724 379 2798 In
399 2726 520 2799 lebete
539 2726 660 2801 ferreo
681 2750 766 2801 cum

365 2850 486 2953 liquo
539 2856 712 2952 qrammis
731 2856 825 2927 milla
839 2856 995 2927 domabis
1327 2852 1430 2924 1000

231 2980 268 3053 in
287 2981 430 3073 pultem
449 2980 609 3055 redactis
629 2982 794 3056 admisce

367 3104 727 3187 saturnalitiam
781 3116 987 3208 yrommoto
1006 3108 1195 3205 quinqcntu
1351 3106 1430 3178 500

365 3234 485 3334 Aquae
548 3244 787 3333 qrammolum
806 3239 958 3334 quinque
978 3237 1103 3308 millio.
1325 3234 1430 3305 5000

338 3362 452 3436 Mixta
471 3364 542 3436 sub
559 3364 737 3437 continua
751 3366 951 3457 agitatione
972 3369 1182 3456 coquantur
1200 3382 1267 3454 per
1286 3362 1430 3448 horam,

232 3510 368 3581 aquam
389 3496 628 3584 evaporatam
647 3491 804 3566 subinde
823 3493 1065 3566 restituendo.

337 3616 432 3693 Dein
451 3618 636 3711 liquorem
660 3619 820 3692 defunde
850 3620 890 3693 in
916 3620 1100 3712 lagenam,
1126 3622 1214 3712 post
1239 3617 1428 3709 refrigera-

232 3744 371 3818 tionem
389 3746 484 3820 bene
505 3745 672 3820 clausam
692 3752 728 3819 et
747 3746 940 3821 residuum
960 3748 1084 3820 denuo
1103 3765 1223 3835 coque
1242 3765 1328 3816 cum

365 3868 485 3972 Aquae
557 3880 798 3972 qrammatum
819 3874 930 3947 tribus
950 3875 1103 3946 millibus
1326 3874 1430 3946 3000

231 4018 297 4091 per
316 4000 553 4076 semihoram.

337 4126 446 4202 Hunc
470 4148 619 4221 quoque
647 4126 831 4220 liquorem
859 4129 898 4201 in
917 4128 1089 4220 lagenam
1114 4128 1277 4214 infunde,
1308 4150 1327 4198 e
1357 4147 1432 4219 qua

233 4254 441 4329 sedimento
479 4255 658 4347 deposito,
702 4256 871 4348 siphonis
910 4276 980 4348 ope
1018 4256 1200 4347 liquorem
1237 4253 1432 4344 limpidum

232 4382 409 4457 abstrahe
443 4384 482 4457 in
515 4405 582 4455 vas
612 4384 704 4455 satis
735 4405 867 4475 capax,
897 4391 933 4455 et
962 4385 1126 4456 admisce
1156 4381 1225 4455 sub
1256 4379 1432 4453 continua

230 4510 429 4603 agitatione
449 4510 654 4583 miscellam
675 4500 739 4581 en¹

365 4633 467 4712 loidi
487 4633 758 4738 bydrooblorloi
780 4636 1004 4713 concontratl
1025 4636 1107 4736 puri

593 4788 625 4859 q.
646 4786 675 4835 8.
698 4764 853 4852 (circiter
870 4770 1073 4861 qrormnota
1091 4764 1321 4860 seplr'ayento)
