3600 5534
699 526 942 599 -211-

566 739 741 884 Pnlpo
765 692 1082 851 Prnnornm.

222 965 319 1058 Rpe:
349 962 541 1040 leucon
561 961 759 1040 Pmoun
781 964 997 1041 siccatorum
1018 963 1301 1041 meoniorum
1330 989 1362 1061 q.
1384 990 1415 1037 o.

225 1113 342 1185 coque
361 1114 448 1166 eum

356 1217 478 1317 tque
498 1217 707 1296 destillctac
762 1242 789 1290 s.
811 1243 843 1316 q.

223 1348 396 1421 continue
417 1347 604 1439 agitando,
624 1368 747 1439 usque
768 1346 817 1419 ad
837 1346 1062 1420 emollitiem.

328 1476 474 1549 Pultem
492 1495 560 1567 per
579 1474 740 1548 cribrum
770 1479 961 1548 setaceum
985 1474 1254 1549 transmissum
1282 1475 1420 1548 balneo

223 1625 341 1695 aquae
394 1624 558 1696 evapoca
605 1601 654 1674 ad
700 1602 854 1675 extracti
892 1601 1083 1695 spissioris
1123 1602 1418 1692 consistentiam,

222 1730 354 1803 deinde

356 1853 493 1958 ΡιΙμο
550 1856 657 1928 ornis
670 1856 837 1951 partibus

222 1986 317 2058 adde

357 2106 525 2187 Sacelarl
547 2106 729 2209 pullenti
781 2116 921 2203 partem
942 2134 1051 2181 urtam

221 2244 256 2311 et
288 2238 424 2311 balneo
463 2258 584 2330 aquae
622 2236 788 2329 inspissa
824 2239 873 2310 ad
910 2238 1112 2329 legitimam
1148 2237 1284 2330 pulpae
1328 2258 1414 2309 con-

221 2366 440 2439 sistentiam.

326 2492 568 2565 marcarium
586 2491 778 2565 lenitioum.

339 2813 513 2958 Pulpa
537 2813 993 2923 namn-indorum
1019 2814 1309 2958 depurata.

220 3040 317 3133 Rpe:
352 3037 502 3113 linctus
520 3037 721 3115 lenocinii
776 3045 1014 3137 proclamatum
1033 3036 1101 3111 duo
1125 3038 1240 3110 millio
1312 3038 1417 3112 2000

218 3168 372 3241 infunde
392 3188 477 3240 cum

355 3292 477 3393 Aquae
497 3290 705 3371 desolatae
726 3292 890 3372 terrilae

699 3428 936 3520 praeornatum
958 3422 1090 3495 duobus
1110 3422 1264 3496 millibus
1312 3424 1417 3497 iOOO

220 3574 363 3648 sepone
385 3556 421 3625 et
439 3551 592 3647 saepius
613 3551 854 3643 agitansque
881 3551 929 3624 ad
950 3550 1227 3623 emollitionem.
1258 3551 1418 3644 Pulpam

219 3703 284 3774 per
304 3680 467 3754 cribrum
486 3685 680 3753 setaceum
708 3679 973 3751 transmissam
997 3678 1036 3751 in
1062 3700 1153 3751 vase
1179 3680 1416 3771 porcellaneo

222 3830 383 3903 evapora
405 3808 444 3880 in
457 3808 591 3881 balneo
612 3829 732 3899 aquae
753 3806 801 3877 ad
822 3806 975 3879 extracti
990 3804 1104 3897 spissi
1124 3802 1414 3897 consistentiam,

222 3936 353 4010 deinde

354 4061 489 4163 Pulpac
547 4062 653 4134 ternis
666 4059 833 4157 partibus

222 4193 387 4265 admisce

357 4314 527 4396 Satanan
547 4314 727 4419 pullenti
777 4322 918 4411 portem
937 4338 1046 4386 unam

221 4455 257 4521 et
294 4445 559 4541 evaporatione
597 4444 760 4538 inspissa
801 4444 850 4516 ad
896 4441 1100 4533 legitimam
1141 4440 1278 4534 pulpae
1327 4462 1413 4514 con·

222 4576 442 4649 sistentiam.

328 4700 568 4776 Electuorc‘um
588 4699 777 4773 teoitioum.

1148 4835 1196 4892 14*
