3600 5534
685 537 946 612 ..XVII-

222 751 519 840 medicaminis
555 759 801 844 enascentia
836 757 1156 867 imminuantur,
1201 760 1417 874 quantitas

220 917 405 1030 partium
427 919 774 1009 constituentium
797 919 975 1009 dimidio
996 920 1172 1010 reducta
1193 929 1267 1009 est

327 1081 373 1168 N
375 1083 666 1172 omenclatura
703 1083 980 1172 articulorum
1018 1084 1112 1200 jam
1148 1087 1195 1173 in
1233 1085 1416 1174 editione

220 1253 342 1330 sexta
373 1245 567 1334 adhibita
597 1250 643 1334 in
674 1249 759 1334 hac
792 1246 978 1336 editione
1010 1275 1064 1336 ea
1099 1246 1417 1338 modificatione

219 1409 429 1521 retinetur,
464 1421 511 1497 ut
537 1409 825 1498 medicamina
854 1440 909 1498 ex
929 1439 1064 1527 regno
1086 1411 1320 1527 ‚vegetabili
1342 1411 1419 1500 dc-

220 1581 417 1689 prompta
437 1573 490 1660 iis
512 1573 928 1663 denominationibus
951 1574 1237 1692 disponantur,
1262 1575 1416 1693 quibus

220 1733 403 1824 inlibris
425 1739 861 1854 pharmacognosiam
883 1736 1159 1826 tractantibus
1183 1748 1225 1826 et
1252 1741 1298 1826 in
1319 1739 1414 1828 aliis

219 1901 574 2019 pharmacopoeis
620 1900 673 1988 dc
721 1903 773 1988 iis
818 1900 1054 2011 disseritur,
1109 1901 1210 1989 hinc
1252 1904 1416 1990 nomini
1578 1975 1581 1980 .

219 2065 400 2179 plantae,
426 2094 536 2182 quae
557 2063 828 2152 medicamen
850 2063 1105 2180 suppeditat,
1124 2064 1414 2154 denominatio

219 2230 347 2344 partis
364 2229 525 2317 usualis
547 2281 600 2293 —
622 2236 780 2340 corten,
799 2227 914 2338 solia,
932 2227 1071 2337 flores,
1089 2227 1261 2340 fructus,
1278 2227 1412 2340 radix,

215 2420 368 2479 semen
390 2401 468 2482 etc.
490 2393 771 2510 praeponitur.

226 2647 231 2657 ,
327 2556 579 2670 Synouyma
599 2557 644 2641 in
666 2553 852 2642 editione
873 2562 995 2642 sexta
1009 2555 1174 2642 nomini
1191 2556 1414 2681 principali

218 2716 417 2832 adjuncta
459 2748 572 2807 nunc
615 2719 769 2832 majori
791 2727 986 2834 exparte
1030 2718 1155 2833 plane
1206 2717 1413 2832 obsoleta,

219 2882 373 2999 quibus
396 2881 553 2971 medici
574 2886 619 2970 in
640 2882 834 2969 formulis
859 2879 1177 2968 conscribendis
1199 2882 1414 2970 rarissime

216 3050 384 3134 nonnisi
405 3055 589 3158 utuntur,
628 3046 770 3134 adhuc
802 3047 981 3132 retinere
1018 3043 1176 3131 nullius
1205 3049 1414 3135 momenti

216 3211 305 3298 imo
329 3212 467 3327 aptius
490 3211 631 3296 visum
664 3219 764 3318 erat,
799 3236 851 3294 ea
881 3209 928 3294 in
958 3208 1146 3296 indicem
1179 3210 1413 3325 specialem

217 3374 407 3488 relegare
436 3382 478 3461 et
509 3401 657 3461 eorum
690 3371 846 3480 locum,
884 3369 1001 3488 quod
1033 3370 1089 3458 ob
1123 3384 1412 3462 commeatum

214 3539 322 3626 inter
338 3545 487 3652 gentes
505 3542 548 3622 in
559 3536 673 3623 diem
691 3544 996 3650 augescentem
1012 3535 1186 3648 majoris
1204 3542 1409 3624 momenti
1567 3583 1574 3590 -·

216 3713 287 3802 est,
318 3698 732 3789 denominationibus
761 3697 1051 3785 usitatioribus
1083 3701 1189 3785 etin
1210 3702 1411 3816 phanna-

214 3863 389 3980 copoeis
434 3865 643 3952 extraneis
695 3864 876 3978 receptis
927 3860 1091 3949 cedere.
1146 3866 1411 3980 Apparatum

215 4029 482 4144 reagentium
503 4041 593 4117 tum
619 4025 762 4142 quoad
778 4025 1022 4139 junctiones
1044 4025 1276 4139 chemicaS,
1300 4058 1410 4145 quae

215 4219 348 4307 scopo
368 4192 582 4306 analytice
600 4191 695 4276 usui
713 4197 818 4297 sunt,
845 4217 979 4304 quum
997 4187 1139 4304 quoad
1156 4193 1355 4280 utensilia
1371 4203 1414 4282 et

215 4356 504 4466 instrumenta,
541 4382 651 4471 quae
681 4353 737 4440 ad
764 4350 1069 4469 persolvendas
1094 4351 1410 4470 disquisitiones

216 4517 475 4630 adhibentur,
521 4546 783 4633 magnopere
829 4516 979 4630 augeri
1017 4544 1125 4632 opus
1164 4528 1264 4630 crat,
1310 4521 1412 4636 quia

214 4682 383 4770 nonnisi
425 4684 493 4770 his
538 4681 806 4770 adminiculis
846 4680 1134 4767 medicamina
1177 4681 1407 4770 secundum

1175 4838 1194 4892 n
