3600 5534
729 523 942 596 ...15-

233 739 350 829 facile,
388 761 565 814 necnon
592 740 632 813 in
660 741 866 833 glycerlno‚
900 739 1054 814 minime
1087 740 1126 814 in
1160 740 1308 815 aethere
1336 762 1431 834 puro

234 865 422 939 solubiles.
1422 953 1425 957 Ἰ

341 993 496 1067 Ferrum
517 995 860 1087 sesquichloratum
879 995 918 1066 in
938 995 1128 1069 solutione
1149 1016 1297 1088 aquosa
1317 993 1433 1067 diluta

234 1120 397 1193 colorem
434 1121 667 1210 caeruleum,
719 1119 756 1192 in
800 1125 1042 1195 coucentrata
1086 1122 1338 1196 sedimentum
1384 1143 1429 1194 ex

234 1247 405 1321 caeruleo
424 1247 612 1340 nigricans
632 1247 814 1342 producit,
845 1247 947 1342 quod
968 1247 1075 1322 acido
1103 1249 1283 1323 sulfurico
1304 1248 1431 1322 addito

233 1375 432 1448 evanescit

342 1501 501 1576 Acidum
529 1503 566 1576 in
602 1502 768 1595 quinque
795 1503 965 1598 partibus
993 1524 1115 1595 aquae
1145 1505 1322 1591 solutum,
1351 1503 1434 1596 pari

233 1629 423 1703 volumine
438 1629 590 1723 spiritus
608 1629 684 1702 vini
705 1630 863 1722 adjecto,
879 1630 1106 1705 solutionem
1120 1631 1433 1724 limpidam‚reac-
1533 1615 1537 1620 ’

233 1755 346 1830 tionis
363 1757 490 1832 acidae
504 1757 695 1851 praebeat,
711 1780 809 1850 quae
824 1758 884 1829 vel
898 1756 1051 1831 dimidio
1067 1757 1229 1831 aetheris
1243 1758 1433 1831 volumine

236 1883 362 1957 addito
400 1905 447 1957 ne
484 1883 665 1958 turbetur.
718 1885 977 1959 Fervefactum
1014 1885 1053 1958 in
1091 1885 1232 1960 lamina
1268 1885 1434 1977 platinea

236 2010 423 2102 deflagrat,
444 2011 577 2085 cineris
597 2011 747 2086 nonnisi
765 2011 923 2104 vestigia
941 2012 1169 2104 relinquens.

427 2439 430 2445 .
534 2349 755 2459 Aciduru
779 2354 1118 2461 tartaricum.

344 2573 516 2666 Crystalli
543 2575 778 2668 prismaticae
807 2577 866 2650 vel
891 2576 1197 2665 tabulationes,
1227 2575 1433 2663 decolores

236 2702 459 2795 diapbanae
471 2701 681 2794 frequenter
693 2703 731 2776 in
746 2709 894 2778 crustas
914 2708 1122 2793 concretae,
1137 2711 1223 2777 aere
1233 2703 1433 2795 persisten-

236 2835 306 2919 tes,
326 2829 496 2902 facillime
517 2829 556 2903 iu
575 2851 686 2922 aqua,
701 2830 806 2904 facile
826 2831 865 2903 in
885 2832 1019 2924 spiritu
1038 2833 1115 2905 viui
1135 2829 1324 2905 solubiles.

346 2957 488 3031 Solutic
508 2979 666 3050 aquosa,
700 2979 787 3032 cum
815 2959 1003 3033 solutione
1036 2960 1123 3032 kalii
1153 2957 1280 3031 acetici
1310 2957 1436 3047 mixta,

237 3083 340 3156 brevi
371 3089 538 3177 tempore
565 3085 676 3159 efficit
713 3086 965 3161 sedimeutum
995 3085 1251 3179 crystallinum
1276 3085 1435 3171 decolor,

237 3209 405 3284 nitidum.
427 3212 584 3287 Acidurn
604 3213 643 3286 in
662 3214 803 3288 lamina
821 3214 986 3308 platinea
1004 3213 1257 3301 fervefactum,
1278 3213 1434 3286 odorem

237 3337 409 3411 sacchari
428 3339 517 3412 tosti
545 3361 741 3433 spargens
776 3341 1021 3429 carbonescit,
1054 3339 1212 3432 ignitum
1241 3339 1434 3431 deflagrat,

238 3464 432 3538 minimum
451 3465 585 3542 cineris
602 3467 831 3560 relinquens

345 3591 388 3666 lu
406 3593 592 3668 solutione
607 3616 756 3687 aquosa
776 3597 812 3688 (l
833 3617 841 3666 :
861 3597 924 3686 10)
944 3615 1014 3668 nec
1029 3594 1146 3671 calcio
1161 3583 1350 3679 sulbrrico
1365 3613 1435 3664 nec

238 3722 355 3813 baryo
382 3723 525 3814 uitrico,
559 3745 629 3796 nec
657 3724 847 3797 ammonia
877 3728 1048 3797 saturata
1081 3720 1271 3796 ammonio
1292 3719 1435 3792 oxalico

237 3850 418 3923 turbetur.
446 3849 557 3942 Aqua
577 3849 885 3941 hydrosulfurata
909 3851 948 3923 iu
979 3851 1164 3923 solutione
1194 3851 1435 3921 concentrata

240 3977 335 4052 acidi
355 3979 391 4070 (1
412 3999 420 4049 :
438 3977 477 4069 b)
497 3998 567 4050 nec
594 3977 766 4070 colorem,
795 3999 864 4052 nec
883 3978 1134 4052 sedimentum
1156 3975 1433 4065 fusco-nigrum

239 4104 296 4177 vel
315 4104 556 4197 superaddita
576 4105 765 4178 ammonia
784 4105 979 4198 producat.

347 4231 471 4304 Paleis
508 4230 728 4326 accepturas.
767 4230 888 4304 Pulvis
926 4231 1139 4326 atrophoras
1187 4229 1431 4302 Seidllbensis.

243 4359 460 4456 Muqacsiam
480 4359 633 4431 atricum
654 4355 875 4453 ffaoacaas.
