3600 5534
709 580 759 589 --
795 538 869 611 195
902 582 949 590 —

340 754 481 828 Charta
499 756 749 848 exploratoria
768 757 901 848 spin'tu
923 757 996 829 vini
1011 757 1229 830 humectata
1248 758 1321 830 hoc
1340 760 1422 831 oleo

232 884 428 955 dumtaxat
446 884 669 975 perpaulum
689 883 859 957 rubefiat.

337 1009 469 1083 Calore
490 1012 538 1083 0⁰
563 1011 703 1084 diutius
723 1012 929 1104 sepositum
950 1012 1101 1085 stearini
1120 1012 1224 1101 nibil,
1252 1013 1311 1085 vel
1330 1034 1424 1086 non·

228 1137 300 1209 nisi
319 1138 527 1231 pauxillum
548 1137 728 1212 demittat.

594 1423 776 1533 tllcum
801 1424 1071 1568 iuniperi.

336 1628 365 1700 Ε
384 1628 564 1701 fructibus
585 1629 748 1722 iuniperi
768 1636 951 1723 paratum,
982 1630 1030 1703 sit
1049 1632 1253 1724 limpidum,
1274 1633 1426 1704 decolor

227 1757 285 1828 vel
305 1777 326 1828 e
345 1755 448 1827 viridi
470 1758 620 1847 ssavum,
639 1763 762 1846 tenue,
792 1759 919 1831 odoris
945 1764 982 1831 et
1007 1758 1152 1851 saporis
1177 1760 1313 1852 proprii
1344 1781 1424 1831 aro-

227 1883 362 1971 matici,
387 1883 565 1975 ponderis
591 1907 690 1977 spec.
711 1906 844 1957 versus
865 1886 995 1958 0870.
1025 1886 1067 1959 In
1092 1887 1222 1978 spiritu
1243 1887 1315 1958 viui
1336 1908 1423 1959 cou-

227 2014 392 2083 centralo
411 2032 545 2102 pamm
565 2013 721 2085 solubile
740 2017 806 2084 est.

342 2138 558 2233 Unpumtum
579 2140 823 2209 aromaticum.
853 2138 1072 2235 Unpoentum
1091 2139 1266 2236 Jonipot.

631 2423 1024 2600 mmmm.

334 2648 467 2721 Oleum
483 2670 502 2719 c
518 2648 701 2721 fructibus
712 2650 923 2722 recentibus
936 2650 1046 2722 Lauri
1057 2670 1127 2741 ope
1139 2650 1320 2723 coctionis
1337 2672 1423 2723 cum

223 2797 323 2868 aqua
343 2781 379 2846 et
397 2776 637 2868 expressione
658 2781 842 2867 paratum,
881 2777 1062 2867 unguenti
1091 2777 1270 2849 mollioris
1298 2778 1419 2851 consi-

221 2904 368 2991 stentia,
387 2902 645 2995 granulosum
666 2904 802 2975 coloris
819 2903 959 2997 viridis,
981 2904 1264 2992 odorislaurini‚
1275 2905 1421 2997 saporis

221 3030 427 3119 balsamici,
463 3012 579 3102 amari
615 3036 651 3101 ct
683 3031 898 3122 unguinosi.
930 3031 985 3104 Sit
1018 3032 1054 3104 in
1088 3032 1216 3125 sesqui
1249 3033 1420 3124 partibus

222 3157 383 3231 aetheris
403 3159 514 3251 plane
535 3158 705 3230 solubile.

337 3283 557 3382 Unpueutum
577 3286 818 3356 aromaticum.

533 3589 717 3697 tlloum
742 3588 1112 3699 buvundulae.

329 3813 358 3905 Ε
396 3813 551 3885 floribus
586 3812 824 3886 Larandulae
862 3821 1044 3905 paratum,
1090 3814 1138 3886 sit
1175 3815 1324 3887 decolor
1361 3817 1419 3888 vel

221 3942 514 4028 subtlavescens
546 3938 754 4031 limpidum,
792 3945 910 4030 tenue,
950 3941 1076 4014 odoris
1110 3942 1244 4013 tiorum
1276 3942 1418 4013 Laran-

221 4067 329 4141 dulae
349 4067 559 4159 peculiaris,
579 4068 724 4160 saporis
745 4070 946 4159 aromatici,
966 4070 1093 4158 amari,
1112 4068 1289 4161 ponderis
1317 4091 1416 4160 spec.

221 4195 530 4283 0·885-0·895;
578 4194 747 4269 facillime
794 4197 832 4267 in
889 4196 1018 4289 spiritu
1055 4196 1132 4270 vini
1179 4204 1416 4271 concontrato

221 4324 390 4397 solubile.

329 4450 568 4523 Isioimentum
595 4450 1062 4546 soponoto-cumplrorotum.
1097 4450 1260 4523 Minturu
1295 4452 1415 4523 oleoso·

220 4576 421 4651 balsamico.
463 4576 620 4674 Spiritus
656 4583 856 4674 sopoootus.
912 4576 1132 4676 [loquentum
1170 4580 1413 4651 aromaticum.

227 4703 445 4804 Unguentum
466 4706 669 4803 Diocltplou.
700 4704 918 4804 Uupuentum
939 4706 1150 4780 Sulodilloe.

1145 4846 1198 4900 13*
