3600 5534
811 569 827 590 μ

726 593 913 639 -..U-.-

328 785 470 860 Solutio
486 807 644 878 aquosa,
654 785 788 876 frigore
802 790 982 873 saturata,
1002 785 1099 858 ferro
1116 785 1416 878 sesquichlorato

220 911 364 1003 adjecto
384 913 564 1000 turbatur,
586 913 749 985 colorem
769 913 983 985 subflavum
1005 912 1201 1004 recipiens
1234 911 1298 1004 qui
1323 911 1416 984 cale-

147 1107 150 1113 .
219 1040 389 1113 faciendo
409 1039 587 1112 intensior
612 1039 744 1126 evadit,
765 1039 831 1112 sed
858 1039 985 1112 addito
1006 1038 1113 1110 acido
1132 1037 1418 1129 hydrochlorico

219 1166 334 1240 diluto
355 1167 552 1240 evanescit.

328 1294 509 1384 Crystalli,
529 1294 567 1366 in
582 1294 671 1367 tubo
686 1294 898 1388 probatorio
915 1316 1000 1367 cum
1019 1294 1162 1386 liquore
1181 1293 1267 1368 kalii
1282 1293 1418 1386 hydro·

218 1423 365 1513 oxydati
379 1422 592 1509 calefactae,
612 1443 659 1494 ne
679 1421 907 1494 ammoniam
924 1422 1108 1508 evolvant,
1130 1442 1262 1515 neque,
1283 1420 1415 1492 sicum

219 1549 404 1621 solutione
458 1553 698 1622 concentrata
744 1549 829 1620 kalii
875 1548 1154 1642 permanganici
1200 1551 1418 1635 tractantur,

218 1675 371 1748 odorem
402 1675 473 1748 olei
499 1677 785 1768 amygdalarum
814 1697 1029 1749 amararum
1058 1675 1221 1749 aetherei
1249 1674 1419 1747 excitent.

564 2035 783 2162 liuidum
809 2035 1067 2142 horicum.

327 2258 498 2350 Crystalli
508 2280 748 2351 squamosae,
761 2259 895 2331 coloris
908 2264 1087 2350 expertes
1100 2258 1228 2330 nitoris
1238 2256 1416 2348 languidi,

217 2385 264 2456 ad
285 2391 424 2458 tactum
444 2387 616 2479 pingues,
636 2387 679 2458 in
690 2407 788 2478 aqua
803 2387 936 2476 frigida
951 2386 1108 2472 difficile,
1129 2387 1169 2458 in
1183 2387 1326 2459 fervida
1344 2406 1414 2458 nee

217 2512 350 2584 nonin
369 2513 499 2606 spiritu
519 2514 593 2586 vini
612 2515 718 2586 f'acile
739 2521 775 2584 et
794 2515 906 2606 plane
925 2514 1116 2585 solubiles
1143 2513 1287 2585 Solutio
1315 2514 1418 2606 spiri·

217 2647 326 2713 tuosa
340 2641 494 2713 incensa
508 2641 701 2714 flammam
716 2641 821 2713 viridi
837 2641 959 2713 colore
970 2641 1086 2732 tingit.
1102 2641 1244 2713 Solutio
1260 2661 1416 2732 aquosa.

218 2768 277 2839 vel
293 2767 419 2840 addito
436 2768 541 2840 acido
557 2767 853 2860 hydrochloricO,
870 2769 1023 2841 chartae
1039 2788 1238 2841 curcumae
1254 2768 1417 2839 colorem

220 2917 264 2966 ex
285 2896 390 2968 fusco
410 2897 566 2969 rubrum
586 2896 722 2968 tribuit.

327 3022 485 3094 Aridum
500 3023 679 3113 horicum,
698 3023 737 3094 in
753 3023 858 3094 acido
875 3022 1053 3095 sulfurico
1069 3027 1310 3094 concentrato
1326 3022 1419 3094 cale·

219 3149 389 3222 faciendo
406 3151 584 3240 solutum,
596 3157 684 3242 post
702 3149 1031 3240 refrigerationem,
1048 3150 1224 3241 crystallo
1242 3149 1327 3220 ferri
1342 3149 1417 3220 sul-

219 3276 323 3348 furici
342 3276 491 3368 injecto,
513 3297 649 3350 zonam
668 3278 816 3350 fuscam
837 3297 883 3348 ne
905 3277 1101 3370 impertiat.

329 3404 472 3476 Solutio
502 3426 648 3496 aquosa
666 3427 736 3478 nec
756 3427 856 3496 aqua
875 3405 1192 3497 hydrosulfurata,
1212 3427 1282 3479 nec
1301 3407 1418 3497 baryo

221 3530 362 3620 uitrico,
381 3553 451 3604 nec
471 3535 624 3623 argento
643 3531 787 3620 uitrico,
814 3554 938 3625 neque
958 3533 1148 3605 ammonia
1167 3540 1304 3606 neutra
1321 3533 1420 3606 faeta

221 3658 410 3731 ammonio
431 3649 614 3732 sulfurato
635 3663 811 3733 mutetur.

368 4022 706 4135 neruum
745 4024 1283 4138 corbolicum.

708 4267 944 4351 Poenorum.

331 4485 461 4556 Massa
480 4504 526 4556 ex
548 4484 733 4574 crystallis
755 4483 1002 4556 acicularibus
1023 4484 1242 4575 composita,
1260 4483 1421 4560 decolor.

224 4619 390 4705 tempore
405 4613 614 4685 flavescens
632 4612 692 4683 vel
708 4611 938 4698 fuscescens
960 4611 1087 4682 odoris
1103 4607 1310 4702 peculiaris
1333 4631 1420 4682 cau-

225 4740 329 4829 stica,
345 4739 566 4814 humiditate
583 4739 753 4812 adtracta
768 4738 911 4827 diffluit,
932 4737 1128 4810 reactionis
1142 4739 1323 4810 neutrius
1345 4737 1423 4810 Sub
