3600 5534
712 501 951 575 -209-

340 717 515 791 Solvatm·
555 719 632 792 fere
675 741 722 794 ex
754 721 898 813 integro
932 722 970 795 in
1003 722 1109 796 acido
1143 722 1274 796 nitrico
1295 721 1425 815 diluto,

231 846 430 920 accedente
449 845 557 919 acido
577 848 722 921 oxalico
742 852 779 921 et
798 870 899 941 aqua
917 847 1069 922 fervida.

336 988 580 1087 Empkatrum
597 990 721 1065 Minii.
829 1004 843 1043 ·

517 1462 796 1572 Plumlmm
822 1462 1131 1597 exydatum.

679 1692 979 1798 Lithargyrum.

331 1886 460 1960 Pulvis
499 1888 695 1961 subflavus
723 1889 783 1961 vel
811 1889 1154 1962 rubro-flavescens
1186 1890 1264 1963 sive
1293 1911 1422 1963 massa

223 2038 431 2108 squamosa
451 2015 624 2107 ejusdem
644 2016 790 2105 colaria,
811 2015 850 2088 in
870 2038 970 2108 aqua
999 2016 1221 2105 insolubilia,
1246 2018 1284 2089 in
1314 2016 1420 2089 acido

223 2143 353 2217 nitrico
392 2166 490 2237 aqua
528 2144 644 2217 diluto
684 2144 846 2235 perfecte
886 2144 1057 2217 solvitur.
1105 2144 1258 2234 Salutio,
1287 2144 1420 2217 coloris
1493 2195 1495 2199 -

224 2292 364 2364 capere,
385 2293 484 2364 aqua
520 2271 844 2363 hydro‘aulfurata
887 2270 1046 2362 nigrum,
1095 2271 1201 2343 acido
1240 2272 1417 2344 sulfurico

223 2399 359 2486 album,
415 2399 536 2471 natrio
592 2397 880 2491 hydmoxydato
928 2399 1084 2472 solubile
1132 2399 1419 2492 praecipitatum

223 2525 390 2599 demittit.
1465 2510 1468 2516 ’

328 2654 467 2747 Liquor
477 2652 768 2746 conquassanda
779 2654 977 2746 plumbum
988 2654 1194 2747 oxydatum
1205 2676 1291 2728 cum
1306 2654 1415 2728 acido

221 2761 398 2855 sulfurico
432 2781 547 2855 diluto
579 2780 781 2853 filtratione
814 2782 992 2855 obtentus
1026 2805 1093 2876 per
1130 2782 1416 2875 superadditam

221 2908 450 2981 ammoniam
465 2909 514 2982 sit
532 2910 683 2983 decolor
697 2909 757 2981 vel
772 2909 919 2981 nonnisi
939 2909 1104 2982 colorem
1124 2909 1415 2983 subcaeruleum

219 3035 359 3124 induat,
379 3057 448 3109 nec
466 3037 751 3129 praecipitatum
776 3036 1017 3129 perceptibile
1049 3036 1331 3110 rubro-luscum
1351 3038 1412 3109 de·

218 3170 344 3256 ponat.
364 3164 481 3236 Acido
495 3163 634 3236 acetico
654 3163 771 3237 diluto
791 3163 1023 3251 calefactum,
1042 3184 1177 3257 parum
1198 3164 1415 3237 effervescat

220 3296 255 3364 et
272 3291 477 3364 maximam
495 3296 641 3385 partem
666 3291 842 3364 solvatur.

245 3547 252 3560 .
312 3435 567 3617 lgmplaatrum
621 3436 856 3511 calceellum.
913 3434 1158 3532 Emplastrum
1215 3435 1412 3533 Diaclylon

220 3569 312 3641 camp
368 3601 375 3617 .
1100 3585 1103 3593 ·

288 3993 437 4103 Potio
464 3996 733 4137 Magnesii
759 3996 931 4105 altrici
958 3994 1336 4112 effervescena

581 4224 808 4306 Limonada
829 4225 1050 4329 purgativa.

216 4418 312 4513 Rpe:
347 4416 448 4495 loidi
468 4415 587 4494 clirici
639 4426 843 4517 preminate
861 4419 1037 4492 duodecim
1360 4417 1407 4490 la

350 4542 520 4647 Magnenti
540 4541 724 4624 carbenlel
743 4544 924 4646 pulveral
977 4554 1180 4644 praeamata
1198 4552 1322 4643 septem
1385 4541 1406 4618 7

218 4675 319 4747 solve
337 4673 376 4746 in

267 4811 463 4869 Phnmcopooa.
1159 4814 1192 4869 14
