3600 5534
857 533 1092 606 -134-

480 749 623 823 Solutio
661 750 795 824 iterum
843 751 967 824 colata
1003 751 1079 824 leni
1122 752 1209 844 igne
1256 757 1480 848 evaporetur
1523 754 1572 826 ad

371 877 576 950 dimidium.
624 878 766 952 Deinde
814 900 952 973 spuma
999 884 1036 952 et
1080 880 1255 972 pellicula
1303 887 1572 972 supernatante

370 1010 542 1079 accurate
562 1005 737 1079 detractis
758 1006 854 1079 adde

504 1145 807 1251 aquaemanili
833 1149 962 1228 Ιοηι

911 1288 1113 1374 proclinata
1132 1279 1382 1378 quodraginta.
1448 1277 1457 1293 ⁰
1517 1281 1570 1352 40

477 1424 642 1498 Massam
661 1425 813 1498 infunde
837 1425 875 1496 in
904 1426 1082 1517 capsulas
1109 1426 1344 1512 clrartaceas;
1372 1426 1511 1497 siccam
1531 1425 1569 1496 in

368 1551 530 1624 frustula
547 1553 696 1625 minora
715 1553 856 1626 scinde.

477 1680 533 1752 Sit
552 1679 751 1774 diaphana,
773 1703 793 1752 e
813 1681 1051 1754 fusco-flava

694 2109 998 2222 stanuum
1022 2114 1234 2257 lupuli.
1315 2026 1317 2029 Ι
1462 2055 1469 2068 ’

842 2341 1094 2445 Lupulinum.

480 2535 654 2610 lluorulus
672 2535 837 2632 [aepulas
856 2538 991 2627 Lino,
1022 2539 1204 2611 suffrutex
1235 2537 1435 2626 scandens
1465 2538 1566 2630 apud

367 2685 436 2736 nos
457 2669 689 2757 spontaneus
711 2671 747 2739 et
766 2665 899 2754 cultuS,
920 2665 1151 2738 notissimus,
1178 2663 1431 2736 (laonalineae.

474 2791 601 2864 Pulvis
613 2793 906 2884 grossiusculus,
921 2793 1181 2885 inaequabilis,
1194 2815 1217 2864 a
1232 2792 1398 2866 strobilis
1413 2792 1564 2883 plantae

364 2925 532 2991 recenter
560 2919 708 2994 siccatis
738 2941 808 3012 ope
838 2919 946 2991 cribri
976 2920 1114 2993 setacei
1141 2923 1349 3012 separatus,
1378 2919 1515 2992 coloris
1543 2941 1563 2992 e

365 3045 472 3118 viridi
500 3047 598 3136 llavi,
633 3048 931 3139 subglutinosus,
965 3048 1092 3121 odoris
1124 3048 1322 3140 peculiaris
1351 3047 1563 3138 fragrantis,

364 3174 511 3267 saporis
527 3176 879 3266 aromatico-amari,
900 3175 1131 3269 compositus
1151 3181 1299 3269 praeter
1318 3196 1441 3269 pauca
1464 3174 1560 3266 trag·

364 3305 490 3374 menta
526 3302 685 3376 aliarum
722 3306 872 3398 plantae
911 3303 1062 3377 Humuli
1100 3304 1262 3397 partium
1310 3325 1330 3376 e
1368 3302 1558 3394 glandulis

362 3427 578 3521 plerumque
606 3431 812 3518 turbinatis
843 3430 1184 3521 cupulaeformibus
1215 3435 1280 3503 aut
1308 3429 1561 3520 subglobosis,

362 3558 447 3650 plus
481 3559 654 3631 minusve
681 3559 803 3648 vietiS,
839 3557 1094 3648 magnitudine
1129 3558 1422 3632 0·140——0·t30
1455 3557 1561 3630 milli-

362 3685 477 3774 metri‚
504 3707 663 3778 quorum
693 3686 861 3778 singulae
887 3691 1106 3759 constante
1131 3687 1280 3759 sacculo
1301 3685 1503 3773 cuticulari,
1523 3685 1562 3756 in

361 3818 466 3920 parte
490 3812 662 3886 inferiore
694 3813 1012 3906 haemisphaerico
1038 3813 1179 3886 cellulis
1204 3813 1357 3886 minutis
1383 3812 1560 3886 tabulatis

361 3940 557 4031 polygonis
583 3939 744 4014 obducto
774 3947 810 4014 et
829 3941 913 4013 oleo
934 3941 1109 4014 aethereo
1135 3946 1200 4014 aut
1227 3940 1399 4013 balsamo
1429 3940 1560 4014 citrino

360 4066 513 4159 repleto.

468 4193 571 4266 Marx
591 4195 785 4267 combusta
812 4216 858 4267 ne
882 4195 968 4288 plus
990 4217 1106 4288 quam
1125 4194 1256 4267 decem
1275 4200 1402 4288 partes
1424 4195 1558 4268 cineris

360 4341 379 4390 e
409 4320 576 4411 partibus
607 4327 755 4394 centum
785 4323 980 4415 relinquat.
1011 4321 1064 4395 Ne
1092 4321 1190 4396 ultra
1219 4343 1361 4395 annum
1394 4322 1433 4394 in
1467 4342 1558 4393 vase

359 4447 453 4518 liene
474 4447 600 4519 clauso
619 4469 643 4519 a
660 4448 741 4521 luce
761 4455 906 4522 remoto
926 4454 1105 4522 servetur.
1123 4449 1226 4522 Marx
1241 4454 1400 4537 vetusta,
1421 4448 1557 4521 coloris

358 4574 563 4648 aurantiaci
584 4581 649 4648 aut
675 4577 907 4664 rarescentis,
936 4576 1065 4650 odoris
1094 4576 1241 4668 ingrati,
1273 4598 1382 4650 caseo
1413 4576 1557 4666 similis

358 4701 570 4793 rejicienda.
