3600 5534
833 555 1047 629 „52-

344 773 419 846 690
465 775 656 862 ebulliens
695 774 732 846 in
775 797 875 866 aqua
916 772 1150 867 perpaulum,
1199 772 1236 843 in
1276 771 1410 864 spiritu
1452 769 1538 857 vini,

342 902 492 975 aethere
513 906 548 974 et
567 903 658 975 oleis
677 902 878 995 pinguibus
901 902 1004 974 facile
1021 900 1206 974 solubilis,

453 1028 765 1103 Chlorotormium
794 1031 831 1102 in
861 1031 953 1102 tubo
982 1028 1198 1121 probatorio
1232 1048 1319 1099 cum
1354 1025 1538 1099 solutione

291 1231 293 1238 ,
345 1157 548 1248 spirituosa
577 1157 663 1230 kalii
690 1157 966 1248 hydrooxydati
1001 1161 1036 1228 et
1070 1155 1209 1227 auilino
1239 1154 1417 1226 sulfurico
1447 1152 1539 1224 cale-

343 1286 483 1357 factum
512 1285 667 1356 odorem
696 1289 956 1377 penetrantem
985 1288 1022 1354 et
1049 1283 1359 1355 insuavissimum
1391 1281 1538 1353 exciit.

453 1410 766 1484 Chloroformium
786 1433 805 1482 e
826 1410 953 1503 palma
972 1432 1109 1482 manus
1131 1408 1298 1481 celeriter
1317 1408 1450 1496 avolet,
1470 1428 1540 1479 nec

345 1539 501 1612 odorem
534 1541 698 1636 animam
731 1538 1050 1626 intercludentem‚
1089 1537 1147 1610 vel
1182 1534 1540 1628 empyreumaticum

344 1666 403 1738 vel
432 1666 660 1739 fennentolei
685 1667 843 1739 similem
867 1665 1070 1756 relinquat;
1091 1685 1177 1736 cum
1196 1663 1334 1755 duplici
1349 1662 1538 1735 volumine

346 1815 464 1885 aquae
495 1792 702 1865 destillatae
729 1797 1040 1884 conquassatum,
1076 1812 1176 1882 aqua
1207 1812 1276 1862 nec
1314 1788 1539 1864 solutionem

345 1921 468 1992 laccae
495 1921 614 1992 musci
633 1919 848 2008 rubefaciat‚
881 1941 951 1992 nec
986 1919 1214 1991 solutionem
1247 1917 1391 2010 argenti
1419 1917 1536 1990 uitrici

346 2048 480 2120 turbet.
516 2047 611 2119 Cum
643 2047 828 2119 solutione
869 2068 1015 2138 aquosa
1047 2044 1132 2117 kalii
1164 2045 1283 2136 jodati
1317 2050 1540 2138 quassatum

346 2175 508 2248 colorem
543 2175 750 2246 violaceum
778 2196 825 2246 ne
858 2174 1008 2249 induat:
1049 2195 1134 2244 curn
1168 2172 1315 2264 aequali
1348 2173 1540 2246 volumine

346 2301 441 2374 acidi
479 2301 643 2374 sulfurici
687 2302 915 2374 concontrati
953 2301 989 2372 iu
1031 2300 1119 2372 tubo
1164 2299 1379 2392 probatorio
1423 2302 1541 2393 probe

347 2430 486 2501 siccato
517 2432 816 2522 conquassatum
845 2429 944 2500 intra
977 2449 1093 2500 unam
1121 2427 1255 2499 horam
1283 2427 1436 2501 decolor
1461 2449 1541 2521 per-

346 2562 508 2629 maneat.

454 2685 629 2757 Servetur
655 2684 693 2756 in
718 2683 852 2774 lagena
878 2682 1017 2775 optime
1045 2683 1174 2756 clausa
1195 2704 1219 2753 a
1237 2683 1319 2755 luce
1340 2689 1462 2757 remot
1489 2704 1539 2754 m.

452 2935 899 3048 vocaturum
934 2937 1433 3069 hydrocele-

798 3100 1096 3266 niceam.

453 3320 582 3394 Pulvis
617 3321 856 3412 crystallinus
888 3320 1008 3409 albus,
1038 3320 1098 3392 vel
1129 3319 1292 3410 crystalli
1322 3318 1542 3406 aciculareS‚

344 3448 548 3538 decolores,
583 3449 729 3541 saporis
759 3448 959 3534 subamari,
988 3446 1230 3519 indolentiam
1257 3446 1409 3538 linguae
1438 3445 1542 3518 brevi

347 3580 513 3668 tempore
541 3576 804 3669 persistentem
843 3575 997 3658 cientes,
1036 3575 1074 3645 iu
1116 3595 1226 3665 aqua,
1276 3573 1407 3665 spiritu
1456 3571 1542 3660 vini,

225 3755 226 3760 ,
348 3703 497 3777 aethere
517 3708 553 3775 et
572 3703 836 3775 chloroforrnio
865 3701 972 3774 facile
998 3699 1190 3790 solubiles
1224 3700 1423 3773 reactionis
1453 3720 1543 3773 neu-

345 3833 450 3905 ttius,

456 3958 770 4050 Centigrammala
804 3959 979 4051 quinque,
1012 3957 1051 4028 in
1084 3956 1173 4029 tubo
1202 3955 1418 4048 probatorio
1458 3935 1555 4028 cum

347 4085 560 4158 centimetro
582 4086 711 4158 cubico
736 4106 812 4157 uno
843 4085 937 4156 acidi
957 4083 1121 4156 sullurici
1149 4088 1387 4155 concentrato
1417 4082 1543 4170 mixta,

346 4213 426 4286 sine
448 4214 522 4284 ullo
539 4214 661 4286 colore
677 4213 890 4299 solvantur;
911 4212 1034 4303 liquor
1048 4233 1115 4304 per
1130 4210 1224 4284 duas
1239 4217 1361 4283 tresve
1376 4209 1542 4282 minutas

348 4342 396 4413 ad
416 4345 707 4433 temperaturam
730 4340 966 4412 100-1500
991 4340 1212 4411 fervefactus
1238 4361 1281 4410 ac
1304 4342 1385 4410 tum
1404 4337 1443 4408 in
1462 4336 1542 4423 tria,

346 4469 404 4540 vel
452 4474 612 4560 quatuor
649 4465 865 4539 centimetra
909 4465 1039 4538 cubica
1081 4487 1202 4556 aquae
1251 4465 1407 4551 infusus
1455 4483 1544 4534 mox

347 4597 477 4669 emittit
496 4594 690 4686 crystallos
706 4592 800 4664 acidi
814 4593 990 4681 benzoici‚
1012 4593 1102 4663 dum
1116 4591 1240 4683 liquor
1254 4592 1374 4663 levem
1390 4588 1542 4681 quidem

346 4724 413 4800 sed
434 4744 591 4800 suavem
610 4722 767 4794 odorem
785 4719 925 4815 recipit.
