3600 5534
829 510 1098 606 ⁹--rrs-

625 726 809 833 Massa
834 720 1130 831 l'ilnlarnm
1161 722 1316 830 tcum

372 968 468 1059 Rpe:
508 963 613 1042 Alcis
716 973 920 1062 praecincta
938 964 1119 1061 sexupiutu
1522 962 1570 1032 60

512 1090 674 1192 llyrrlrae
718 1098 920 1189 praecincta
935 1090 1083 1187 tripiuta
1522 1089 1571 1160 30

509 1219 611 1296 draci
720 1226 921 1317 pneumata
939 1218 1060 1289 decem.
1524 1214 1571 1285 10

482 1349 683 1422 Pulverata
712 1350 850 1441 optime
880 1346 996 1419 mixta
1034 1348 1230 1418 serventur
1267 1344 1306 1416 in
1345 1364 1435 1415 vase
1476 1343 1571 1413 bene

376 1477 517 1548 clause.

835 1721 1112 1831 Mastiche.

807 1915 958 1993 Resina
980 1913 1143 1993 Mastix.

483 2092 643 2166 Peracta
661 2092 845 2163 Lentiscus
861 2090 999 2179 Linn.,
1028 2090 1140 2162 arbor
1151 2090 1189 2163 in
1201 2090 1325 2162 insula
1340 2088 1453 2161 Chios
1467 2088 1574 2161 culta.

376 2218 671 2293 Accucardc'uccuc.

486 2349 628 2421 Saccus
647 2348 841 2421 resinosus
867 2371 886 2420 e
907 2347 1050 2420 truncis
1070 2346 1275 2419 vulneratis
1296 2346 1466 2433 effluens,
1487 2352 1575 2417 aere

376 2478 586 2563 induratus
607 2476 705 2548 sistit
724 2496 843 2566 grana
860 2475 1081 2567 plerumque
1102 2474 1262 2565 globosa
1282 2478 1318 2545 et
1332 2464 1574 2564 subglobosa

377 2602 515 2695 piperis
553 2603 611 2674 vel
643 2602 713 2694 pisi
745 2602 1011 2693 magnitudine,
1055 2602 1166 2691 clara,
1201 2599 1397 2693 pellucida,
1443 2600 1576 2673 coloris

378 2730 576 2818 subcitrini,
606 2729 644 2800 in
663 2728 1035 2802 fracturaeonchata
1059 2728 1139 2801 vitri
1173 2727 1297 2800 instar
1328 2727 1576 2819 splendentia,

379 2858 547 2945 friabilis,
581 2858 619 2929 in
639 2878 761 2928 merce
791 2877 868 2928 non
897 2857 991 2929 satis
1011 2862 1159 2929 recente
1184 2854 1379 2946 superficie
1404 2855 1577 2945 pulveru-

379 2986 500 3074 lenta,
544 2984 670 3056 odoris
705 2990 741 3056 et
772 2983 919 3075 saporis
955 2983 1086 3055 debilis
1121 2981 1336 3067 balsamici,
1379 2982 1578 3054 masticata

380 3134 551 3185 massam
571 3111 708 3199 albam,
730 3110 904 3183 dentibus
924 3110 1193 3182 adhaerentem
1210 3108 1441 3201 praebentia.

488 3238 667 3311 Mastiche
687 3238 727 3310 in
755 3238 887 3330 spiritu
902 3237 976 3309 vini
992 3241 1232 3309 concentrato
1247 3240 1499 3327 temperatura
1518 3258 1576 3306 01·-

382 3365 527 3437 dinaria
553 3388 621 3457 pro
648 3366 813 3438 maxima
835 3372 961 3457 parte,
986 3364 1026 3436 in
1053 3365 1202 3437 aethere
1229 3364 1378 3456 penitus
1408 3362 1576 3436 solvitur.
1624 3442 1628 3446 ,

488 3491 731 3587 Ericplastrum
755 3490 1014 3565 Cantharidum
1028 3497 1245 3599 perpetuum.

788 3813 895 3922 lllel
926 3812 1167 3922 crudum.

490 4042 544 4113 Sit
553 4041 818 4114 consistentiae
833 4041 1036 4133 spissioris
1048 4039 1182 4113 coloris
1194 4040 1439 4130 flavescentis,
1451 4041 1578 4114 odoris

381 4170 500 4241 mellis
520 4168 718 4260 peculiaris
740 4175 776 4240 et
796 4170 943 4261 saporis
964 4169 1092 4257 dulcis
1113 4168 1315 4241 nonacris

489 4294 582 4367 Pars
602 4317 679 4367 una
705 4295 826 4368 mellis
847 4318 933 4368 cum
952 4296 1098 4368 duabus
1117 4295 1285 4386 partibus
1306 4318 1426 4387 aquae
1453 4297 1580 4385 mixta,

380 4423 566 4515 liquorem
586 4424 660 4495 lere
680 4422 891 4496 neutralem
921 4422 1096 4514 praebeat
1121 4423 1299 4514 ponderis
1329 4445 1427 4515 spec.
1455 4423 1579 4513 1·110,

383 4551 445 4642 qui
474 4551 647 4638 tiltratuS,
673 4551 913 4642 superaffuso
944 4550 1074 4641 spiritu
1094 4550 1168 4622 vini,
1190 4550 1372 4641 absoluta,
1392 4551 1580 4623 interduo

383 4682 502 4751 strata
522 4698 658 4749 zonam
678 4675 839 4751 lacteam
858 4699 906 4749 ne
925 4676 1115 4770 praebeat.
