3600 5534
703 542 943 616 -el5-

587 753 764 865 Radix
789 752 1062 864 Althaeae.

334 979 484 1053 Alaba
503 957 691 1074 offiaaua
709 980 856 1068 cina,
875 979 976 1053 vide:
997 980 1100 1052 rua
1122 979 1295 1053 artabae.

335 1106 446 1180 Rami
473 1108 609 1181 radicis
639 1108 797 1197 carnosi,
826 1106 976 1200 rejectis
1004 1107 1173 1201 partibus
1202 1107 1356 1199 lignosis
1387 1110 1425 1179 et

226 1234 392 1325 cariosis,
411 1236 538 1310 stratis
558 1235 800 1310 exterioribus
822 1235 968 1308 corticis
995 1235 1139 1308 liberati
1160 1242 1197 1309 et
1221 1234 1358 1325 siccati,
1384 1234 1423 1306 in

225 1360 354 1434 frustis
369 1363 493 1437 variae
508 1363 759 1455 longitudinis,
769 1384 889 1435 unum
899 1362 947 1435 ad
958 1383 1076 1436 unum
1087 1369 1123 1436 et
1133 1362 1325 1435 dimidium
1337 1383 1420 1435 cen·

226 1488 416 1563 timelrum
436 1491 585 1579 crassis,
606 1490 889 1583 subcyliudricis
910 1495 975 1564 aut
990 1492 1124 1564 obtuse
1144 1489 1422 1583 quadrangulis,

225 1616 264 1687 in
284 1618 480 1711 superficie
501 1640 614 1711 saepe
643 1618 716 1691 late
739 1618 966 1705 subsulcata,
997 1616 1121 1690 albida
1149 1617 1210 1690 vel
1238 1617 1420 1690 subflavo·

227 1748 354 1817 scente
388 1746 513 1838 parvis
543 1744 774 1817 cicatricibus
804 1743 1023 1817 tibrillorum
1061 1744 1197 1816 radicis
1237 1744 1423 1817 subfuscis

228 1872 361 1944 obsitis
382 1878 419 1945 et
437 1872 668 1946 tenuissimis
687 1872 770 1944 libri
798 1871 997 1962 fasciculis,
1024 1870 1268 1945 mundatione
1289 1871 1424 1943 radicis

229 1998 371 2088 solutis
400 2000 706 2087 subtomentosiS,
736 2000 773 2071 in
789 2000 956 2072 sectione
984 1999 1146 2088 mitibus
1173 1999 1357 2088 farinosis‚
1385 1999 1425 2073 in

227 2125 389 2199 fractura
405 2125 761 2221 fibroso-granulata
785 2126 891 2215 albis
917 2126 1043 2199 odoris
1065 2126 1197 2199 debilis
1216 2126 1425 2218 peculiaris

229 2254 374 2346 saporis
393 2255 663 2346 mucilaginosi,
684 2253 916 2327 dulciusculi.

335 2381 379 2454 In
406 2383 570 2456 sectione
598 2388 814 2455 transversa
845 2381 939 2455 liber
972 2382 1234 2455 delicatissime
1268 2389 1305 2455 et
1335 2382 1423 2456 den-

229 2508 388 2597 sissime,
425 2510 570 2602 lignum
594 2509 761 2601 amplum
780 2508 943 2581 centrale
964 2509 1026 2581 vix
1046 2509 1237 2583 evidenter
1255 2510 1426 2582 radiatim

83 2622 86 2627 ¹
230 2637 410 2710 striatum.
470 2637 549 2731 Ope
586 2636 823 2729 microscopii
870 2637 908 2708 in
952 2637 1243 2731 parenchymate
1281 2638 1426 2709 corticis

230 2764 393 2857 lignique
415 2766 538 2857 amylo
559 2770 736 2854 scatente,
756 2764 904 2837 utriculi
924 2764 1209 2856 mucilaginiferi
1234 2764 1426 2837 numerosi

230 2893 480 2965 inveniuntur.

337 3019 382 3092 In
415 3026 623 3094 mercatura
651 3020 812 3093 occurrit
844 3020 951 3091 radix
982 3020 1203 3113 plerumque
1237 3018 1358 3091 scissa
1387 3019 1426 3091 in

230 3146 399 3219 frustulis
427 3147 705 3236 subcuboideis,
737 3146 951 3219 albissimis.
974 3147 1072 3220 Cave
1102 3169 1149 3219 ne
1175 3147 1223 3219 sit
1243 3146 1427 3237 ejusmodi

231 3296 335 3348 merx
354 3280 503 3348 vetusta
522 3276 637 3348 calcio
664 3276 840 3348 sulduico
869 3281 956 3348 usto
985 3276 1168 3363 dealbata,
1194 3274 1296 3367 quod
1321 3274 1427 3347 facile

232 3402 529 3495 dignoscendum
555 3403 725 3476 examine
759 3402 957 3476 sedimenti
984 3403 1117 3475 mercis
1148 3424 1245 3493 aqua
1272 3402 1427 3475 lavatae.

340 3528 512 3626 Syrupus.
533 3529 676 3624 Species.
699 3528 832 3625 Species
844 3530 1044 3625 pectorales

578 3851 753 3961 Radix
779 3850 1087 3995 Angelicae.

342 4074 595 4171 Arcbaapelico
623 4074 811 4171 &priuatis
839 4076 1094 4165 Hoffmann,
1114 4076 1243 4168 planta
1270 4076 1428 4169 biennis,

234 4206 271 4278 in
290 4204 496 4298 subalpinis
516 4206 722 4298 paludosis,
750 4205 921 4297 inprimis
948 4205 1118 4297 Europae
1144 4205 1304 4280 borealis
1331 4230 1427 4280 cres-

236 4354 335 4423 cens,
369 4332 469 4425 apud
502 4354 573 4405 nos
606 4333 645 4405 in
678 4333 798 4405 hortis
832 4333 1059 4407 rusticorum
1090 4354 1168 4407 non
1200 4354 1285 4407 raro
1320 4335 1428 4409 culta.

243 4458 385 4533 Umbella·
404 4484 492 4533 erae.

343 4588 445 4660 Merx
479 4592 626 4661 constat
660 4609 706 4661 ex
740 4587 890 4661 caudice
910 4588 1024 4678 brevi,
1056 4589 1102 4663 ad
1125 4610 1193 4661 sex
1212 4589 1432 4665 centimetra

237 4736 374 4806 crasse,
395 4737 546 4791 sursum
565 4719 725 4791 tenuiter
745 4718 935 4810 densoque
955 4719 1133 4793 annrdato
1154 4723 1190 4791 et
1210 4718 1430 4810 vaginarum
