3600 5534
857 559 1092 630 ulle-‘-

372 779 468 864 loba,
495 778 688 869 palmatim
710 778 890 870 quirrque-
908 782 972 848 aut
999 775 1186 863 trinervia,
1221 775 1466 868 inaequaliter
1490 795 1565 845 cre-

371 907 642 994 nato-dentata,
670 905 933 992 crassiuscula‚
959 903 1325 990 holoserico-mollia,
1354 903 1391 973 in
1410 907 1568 992 ubaque

371 1039 476 1127 parte
496 1039 662 1106 tomento
684 1035 802 1105 denso
823 1054 842 1104 e
863 1032 949 1124 pilis
970 1032 1118 1123 magnis
1139 1032 1294 1104 stellatis
1314 1035 1422 1119 tecta,
1444 1051 1464 1100 e
1484 1028 1568 1099 sub-

373 1162 495 1254 griseo
515 1162 573 1233 vel
591 1185 610 1232 e
626 1159 842 1233 flavescenti
858 1159 999 1247 viridia,
1016 1160 1163 1250 saporis
1180 1155 1452 1247 mucilaginosi.

482 1289 710 1380 Colligantur
729 1293 882 1375 aestate,
912 1289 1067 1359 florente
1098 1288 1227 1379 planta
1256 1291 1293 1358 et
1321 1284 1461 1356 siccata
1491 1304 1567 1354 ser·

374 1422 520 1489 ventur.

484 1543 620 1638 Species
636 1542 851 1615 emollientes.
875 1539 1011 1636 Species
1021 1540 1222 1636 pectorales.

755 1898 907 2006 [lolia
932 1899 1194 2006 Aurantii.
1296 2017 1299 2020 ,

488 2123 605 2196 Glires
634 2123 789 2216 oerlporr's
817 2123 966 2212 Riss0,
1001 2124 1112 2195 arbor
1138 2122 1178 2194 iu
1206 2123 1419 2214 regionibus
1441 2122 1571 2193 calidis

375 2253 491 2324 totius
512 2251 612 2324 orbis
634 2254 745 2324 culta.
766 2251 948 2323 Butoceee.
965 2251 1187 2321 Aaronem.

482 2378 595 2468 Folia,
616 2401 701 2451 cum
720 2378 858 2471 petiolo
878 2378 951 2450 late
973 2377 1082 2465 alat0,
1102 2379 1263 2450 obovato
1283 2378 1344 2449 vel
1363 2377 1568 2449 obcordato

376 2507 579 2594 articulata,
595 2508 897 2596 ovato-oblonga,
914 2511 1033 2592 acuta,
1048 2504 1285 2595 integerrima
1304 2510 1369 2576 aut
1387 2504 1572 2595 repando-

376 2634 779 2721 crenatosubserrata,
808 2633 990 2724 pellucide
1011 2638 1199 2725 punctata,
1229 2633 1367 2723 glabra,
1393 2631 1571 2718 coriacea,

375 2767 539 2834 saturate
564 2761 707 2849 viridia,
729 2760 930 2833 siccatione
945 2760 1097 2852 pallida,
1120 2760 1249 2850 rigida,
1269 2759 1426 2846 tenacia,
1447 2757 1572 2830 odoris

376 2889 518 2978 debilis,
535 2895 637 2980 grate
658 2889 860 2976 aromatici,
877 2889 1023 2982 saporis
1044 2887 1468 2975 subamaro-aromatici,
1484 2886 1571 2958 sub·

380 3015 659 3108 adstringentis

521 3341 766 3454 Folia
815 3305 1424 3453 Bellaaomme.

487 3582 621 3674 Atropo
633 3579 993 3667 bellumpratum,
1005 3582 1134 3673 planta
1144 3580 1329 3672 perennis,
1342 3582 1381 3654 in
1400 3563 1572 3675 Europae

376 3709 450 3781 fere
470 3709 583 3780 totius
607 3707 832 3796 nemoribus
857 3707 1039 3799 imprimis
1060 3709 1258 3798 montanis
1289 3732 1474 3783 crescens.
1508 3709 1571 3782 So-

376 3835 543 3907 latrarem.

484 3961 587 4034 Folia
610 3969 731 4050 ovata,
753 3964 913 4056 elliptica
943 3970 1007 4037 aut
1036 3965 1336 4056 ovato-oblonga,
1366 3972 1487 4054 acuta,
1516 3967 1573 4038 vel

378 4091 602 4179 acuminata,
632 4091 669 4162 in
681 4090 873 4182 ,petiolum
896 4092 1047 4163 brevem
1063 4091 1283 4181 desinentia,
1303 4116 1427 4186 usque
1443 4095 1492 4166 ad
1506 4093 1576 4166 tria

378 4219 578 4291 decimetra
593 4219 716 4310 longa,
728 4218 973 4309 integerrima,
988 4221 1126 4309 tenuia,
1142 4226 1244 4293 tactu
1259 4221 1396 4310 mollia,
1413 4242 1575 4315 superne

377 4347 532 4419 obscure
552 4346 611 4418 vel
631 4367 675 4419 ex
696 4346 874 4419 subfusco
897 4345 1038 4434 viridia,
1059 4347 1197 4438 glabra,
1218 4350 1352 4422 subtus
1367 4350 1574 4442 pallidiora,

377 4473 637 4566 glabriuscula,
657 4473 740 4565 pilis
759 4474 962 4546 rarissimis
983 4473 1222 4566 simplicibus,
1241 4477 1377 4568 partim
1392 4477 1573 4568 glanduli-

376 4601 473 4690 seris
494 4600 634 4675 siccata
653 4600 692 4675 in
713 4605 870 4694 utraque
889 4608 1004 4692 parte,
1021 4609 1171 4694 propter
1186 4605 1339 4676 cellulas
1354 4604 1577 4700 nresophylli

378 4729 560 4820 crystallis
590 4728 694 4801 calcii
728 4727 862 4800 oralici
894 4729 1154 4804 minutissimis
1173 4731 1344 4825 repletas,
1374 4733 1576 4807 tuberculis
