3600 5534
693 545 933 619 -raa-

452 849 748 966 Rmm·
784 853 1184 990 Jalwae.

635 1083 795 1161 Tubera
816 1079 843 1157 J
846 1083 999 1182 alapae.

324 1274 621 1373 IpomoeaPurqa
634 1276 669 1348 H
680 1299 811 1369 ayne,
826 1279 957 1371 planta
969 1276 1155 1369 perennis
1171 1276 1208 1347 in
1223 1276 1412 1348 montibus

215 1404 416 1476 Mexicanis
436 1410 655 1497 spontanea.
682 1405 974 1478 Coaooltmtaccue.

322 1530 472 1605 Tubera
499 1533 739 1625 subglobosa,
775 1534 1002 1626 pyriformia,
1039 1532 1228 1606 turbinata
1257 1532 1314 1603 vel
1344 1534 1403 1603 ob-

213 1659 335 1751 longa,
356 1660 462 1732 nucis
478 1659 668 1752 juglandis
687 1682 809 1753 usque
828 1662 945 1753 pugni
965 1660 1231 1753 magnitudine,
1252 1660 1406 1750 integra,

213 1788 330 1859 ineisa
349 1788 407 1859 vel
437 1788 602 1861 dissecta
644 1788 792 1878 siccata,
824 1794 1029 1882 compacta,
1060 1788 1163 1875 dura,
1184 1788 1408 1879 ponderosa,

215 1916 444 1990 extrinsecus
469 1916 786 2007 longitudinaliter
808 1914 1202 2008 rugoso-tubercutata
1231 1918 1296 1987 aut
1319 1915 1405 1987 irre-

214 2044 387 2135 gulariter
403 2044 768 2136 reticulato-rugosa,
783 2046 943 2117 obscure
973 2045 1089 2133 tusca,
1111 2044 1218 2135 quasi
1247 2044 1404 2130 fumosa,

213 2173 307 2244 inter
338 2193 453 2263 rugas
480 2172 709 2264 nigricantia,
738 2172 1093 2259 resinosonitentia,
1122 2172 1285 2243 fractura
1314 2172 1402 2244 sub-

216 2300 408 2389 conchata,
424 2321 547 2391 neque
562 2299 705 2373 fibrosa
722 2322 845 2392 neque
865 2300 1022 2389 lignosa,
1047 2299 1087 2372 in
1106 2300 1269 2372 sectione
1288 2304 1409 2373 trans-

216 2448 324 2501 versa
362 2428 484 2499 colore
523 2448 568 2499 111
606 2427 730 2499 albido
751 2427 884 2518 griseo,
916 2427 1049 2499 cortice
1080 2430 1251 2516 anguste,
1273 2426 1411 2499 annulo

214 2554 381 2626 resinoso
402 2557 576 2645 separato
598 2576 621 2624 a
639 2553 738 2643 ligno
759 2552 1001 2645 amplissime,
1037 2554 1141 2625 zonis
1169 2554 1411 2626 concentricis

215 2682 355 2773 pullise
371 2681 512 2753 cellulis
527 2681 737 2769 resiniferis,
752 2682 791 2753 in
805 2681 1000 2753 tuberibus
1013 2680 1254 2773 amplioribus
1270 2682 1409 2753 sotum-

216 2810 327 2880 modo
347 2809 385 2881 in
405 2814 557 2881 externa
575 2813 680 2900 parte
699 2808 759 2881 bis
790 2808 895 2881 zonis
924 2808 1114 2897 instructa,
1145 2808 1278 2879 deinde
1307 2808 1411 2881 lineis

217 2937 386 3008 brevibus
426 2936 597 3023 arcuatis
645 2937 794 3028 punctis
833 2940 870 3009 et
906 2937 1063 3008 maculis
1099 2936 1211 3028 pullis
1251 2936 1410 3028 signata,

216 3064 338 3137 odoris
384 3063 580 3157 peculiaris
628 3063 772 3150 debilis,
829 3065 975 3155 saporis
1027 3064 1129 3135 initio
1179 3064 1409 3154 dulciusculi,

217 3192 403 3277 nauseosi,
426 3191 559 3262 deinde
580 3190 687 3279 acris,
708 3192 880 3264 saucibus
902 3192 964 3263 diu
985 3190 1185 3263 haerentis.

323 3318 565 3410 Microscopio
586 3318 779 3409 explorata
796 3319 903 3390 radix
928 3319 1062 3411 probat
1080 3319 1233 3409 lignum,
1259 3341 1409 3411 compo-

215 3448 327 3520 situm
342 3446 504 3518 maxima
519 3450 681 3538 exparte
698 3467 718 3517 e
735 3444 1037 3537 parenchymate,
1060 3447 1182 3537 amylo
1204 3448 1410 3539 composito

214 3578 304 3663 feto,
356 3572 666 3664 frequentissimis
712 3573 852 3645 cellulis
905 3574 1101 3663 crystallos
1141 3574 1242 3653 calcii
1281 3576 1411 3647 oxatici

215 3703 379 3775 stellatas
409 3701 623 3791 gerentibus
653 3700 895 3791 utriculisque
923 3701 1242 3773 numerosissimis
1280 3703 1409 3775 resini-

216 3829 310 3918 t'eriS,
330 3850 396 3920 per
416 3828 683 3918 longitudinem
703 3826 991 3900 cohaerentibus
1012 3834 1048 3901 et
1066 3828 1200 3920 partim
1221 3798 1406 3902 confluen-

215 3958 324 4046 tibus,
353 3955 550 4027 includens
578 3954 777 4026 fasciculos
807 3954 893 4046 ligni
919 3957 1031 4047 paulo
1053 3957 1210 4049 amplos,
1240 3958 1410 4031 radiatim

217 4084 416 4178 dispositos
441 4087 477 4155 et
502 4081 751 4173 interruptum
771 4082 896 4154 stratis
918 4084 1160 4156 concentricis
1193 4085 1289 4156 telae
1310 4108 1408 4157 cam-

215 4212 329 4284 bialis.

322 4338 519 4412 Contineat
537 4334 641 4409 radix
661 4336 855 4408 minimum
874 4338 911 4409 in
928 4344 1078 4411 centum
1093 4341 1262 4432 partibus
1279 4341 1410 4413 decem

216 4471 337 4557 partes
356 4466 503 4539 resinae
522 4463 562 4536 in
580 4465 731 4537 aethere
759 4486 891 4554 parum
912 4466 1093 4585 solubilis.

321 4592 539 4684 Rejicienda
557 4591 690 4662 tubera
707 4590 867 4677 mucida,
888 4592 1042 4682 cariosa,
1065 4600 1130 4667 aut
1147 4595 1253 4683 levia,
1274 4596 1409 4684 mollia,

218 4719 313 4792 intus
352 4720 527 4805 farinosa,
567 4718 792 4791 extractione
833 4719 964 4813 spiritu
1001 4722 1075 4797 vini
1112 4723 1239 4795 resina
1276 4724 1411 4816 partim

271 4876 294 4921 11
297 4889 381 4918 aaaaaa
384 4888 463 4935 opos
1160 4863 1191 4916 15
