3600 5534
868 538 1108 611 -ull-

795 897 973 1007 uarix
999 897 1172 1007 Iridis·

815 1164 1011 1243 Rhizoma
1032 1162 1161 1241 Iridis

505 1396 577 1469 rra
610 1381 985 1483 (ἕω-1111111111,
1025 1395 1096 1467 aas
1123 1392 1266 1489 pallida
1294 1353 1516 1465 samaro<
1546 1400 1584 1467 a

386 1523 458 1595 Iris
503 1524 708 1597 Florentino
745 1524 887 1611 Linn,
935 1524 1083 1616 plantae
1120 1522 1317 1613 redivivae,
1355 1522 1393 1593 in
1432 1522 1583 1614 Europa

386 1653 605 1725 australiore
623 1652 830 1745 indigenae,
850 1653 1016 1745 inprimis
1036 1653 1074 1725 in
1102 1651 1207 1725 Italia
1236 1650 1429 1743 superiore
1450 1652 1581 1753 cultae.

386 1779 574 1852 Iridoceac.

493 1944 677 2017 Rhizoma
708 1945 933 2018 horizontale
963 1947 1329 2031 lurcato-ramosum,
1364 1944 1581 2030 constricto·

384 2073 620 2146 articulatum
647 2074 912 2148 decorticatum
938 2078 974 2145 et
994 2075 1185 2163 siccatum,
1216 2072 1371 2145 odorem
1401 2073 1583 2144 violarum

384 2222 577 2293 spargens
616 2203 774 2275 occurrit
807 2203 845 2274 in
878 2202 1017 2291 frustis,
1052 2200 1311 2273 constantibus
1342 2221 1388 2271 ex
1417 2198 1582 2272 articulis

384 2328 552 2421 singulis
567 2329 663 2403 binis
682 2330 855 2420 ternisve,
869 2330 991 2401 rarius
1006 2330 1174 2420 pluribus
1189 2328 1283 2400 inter
1299 2350 1340 2399 se
1357 2326 1581 2418 conjunctis

382 2478 503 2549 usque
524 2458 570 2529 ad
591 2457 833 2531 decimelrum
852 2459 986 2549 longiS,
1007 2458 1078 2529 tria
1106 2457 1154 2528 ad
1183 2460 1343 2548 quatuor
1364 2456 1581 2528 centimetra

382 2586 477 2672 latis,
496 2586 695 2677 tuberosis,
715 2586 936 2677 plerumque
956 2588 1076 2657 oratis
1098 2590 1162 2658 aut
1177 2584 1359 2673 ovalibus
1377 2583 1577 2675 depressis

382 2713 502 2785 rarius
546 2713 838 2803 subcylindriciS,
883 2713 996 2785 latere
1035 2713 1224 2805 superiore
1261 2711 1374 2803 paulo
1413 2732 1579 2783 convexo

382 2840 547 2931 vestigiis
585 2840 756 2913 foliorum
795 2840 963 2912 obsolete
1010 2840 1207 2928 annulatio,
1246 2840 1359 2911 latere
1407 2837 1579 2911 inferiore

384 2968 569 3061 subplano
589 2968 777 3041 radicibus
801 2969 953 3041 resectis
974 2970 1113 3040 minute
1143 2967 1372 3049 cicatrisatis
1394 2966 1488 3037 albis
1515 2971 1580 3037 aut

383 3095 526 3183 albidis,
545 3096 778 3187 ponderosis,
800 3096 914 3185 duris,
934 3095 971 3168 in
1000 3094 1162 3168 fractura
1189 3094 1335 3186 aequali
1364 3094 1578 3186 compactis,

383 3223 567 3296 larinosis.

492 3388 614 3461 Sectio
647 3393 863 3461 transversa
889 3387 1025 3480 probat
1053 3391 1213 3459 stratum
1241 3384 1422 3473 corticale,
1443 3383 1578 3461 coloris

384 3517 467 3606 albi,
498 3516 588 3588 satis
609 3523 811 3607 angustum
841 3521 877 3588 el
896 3520 1040 3607 partem
1070 3513 1271 3587 centralem
1297 3511 1578 3605 amplissimam,

381 3645 601 3737 plerumque
631 3644 765 3717 coloris
795 3666 815 3717 e
844 3641 1157 3731 subflavo-albidi,
1178 3640 1363 3713 lasciculis
1397 3659 1579 3711 vasorum

384 3772 537 3864 sparsis,
583 3794 714 3844 versus
752 3770 1058 3844 endodermidem
1096 3768 1381 3842 subtilissimum
1419 3766 1577 3859 copiosi-

383 3900 518 3973 oribus.
556 3899 599 3972 ln
635 3900 925 3993 parenchymate
963 3897 1189 3987 rhizomaliS,
1210 3900 1376 3968 scatente
1412 3894 1579 3986 granulis

384 4028 497 4118 amyli
543 4028 771 4120 simplicibus
808 4028 1029 4119 plerumque
1069 4023 1250 4115 oblongis
1289 4022 1326 4093 in
1364 4044 1440 4094 una
1473 4027 1578 4113 parte

371 4158 573 4243 'buncatis
603 4157 724 4247 ample
754 4156 950 4246 excavatis
980 4154 1218 4225 inveniuntur
1244 4171 1467 4223 numerosae
1497 4171 1577 4241 cry-

381 4284 478 4358 stalli
497 4284 732 4377 prismalicae
753 4284 914 4375 grandes
936 4282 1038 4354 calcii
1058 4280 1190 4353 oralici
1209 4279 1246 4351 in
1267 4278 1432 4352 utriculis
1452 4282 1574 4350 teuer-

381 4412 495 4485 rimis

490 4575 614 4649 Pulvis
631 4574 854 4670 dentp‘rioius
873 4574 980 4647 albus.
