3600 5534
863 532 1024 605 -ilss
1054 572 1107 584 -—

387 733 546 844 spoliala
574 772 693 843 aeque
723 774 766 823 ac
798 753 944 825 radices
972 751 1127 823 aliarum
1157 749 1366 842 specierum
1398 747 1586 842 lpomoeae

387 882 429 951 ul
445 878 552 951 radix
567 880 721 970 lignosa,
740 880 778 951 in
798 881 961 952 fractura
974 879 1081 951 valde
1098 880 1238 950 fibrosa
1253 877 1434 970 Ipomoeue
1457 874 1584 946 Oriza-

388 1005 497 1077 lucris
525 1008 813 1098 (Ledanois),
847 1009 918 1081 sub
949 1008 1099 1079 nomine
1135 1006 1285 1077 Radicis
1314 1005 1467 1096 Jalapae
1493 1004 1586 1075 levis

387 1156 457 1207 seu
488 1135 691 1207 luciformis
712 1133 873 1229 (Sliplles
892 1134 1058 1228 Jalapoe)
1080 1139 1179 1220 nola,
1200 1138 1264 1205 aut
1283 1132 1386 1204 radix
1404 1133 1586 1205 tuberose

387 1262 567 1357 lyronoeoe
598 1263 799 1333 simeelanlc'c
834 1262 1097 1353 (Hanbury),
1130 1261 1260 1333 similis
1290 1262 1440 1351 quidem
1472 1259 1586 1332 radici

386 1390 539 1482 Jalapae
567 1411 693 1477 verae,
723 1389 790 1463 sed
820 1391 984 1462 resinam
1013 1390 1198 1482 praebens
1232 1389 1268 1461 in
1295 1389 1445 1461 aethere
1473 1388 1585 1480 plane

387 1517 595 1590 solubilem.

497 1644 638 1716 Recine.
658 1644 796 1717 Peene
813 1645 980 1717 luxantes.

722 2004 898 2113 llarlir
917 2004 1255 2145 Liqniriliae.
1390 2027 1392 2031 ‘

502 2227 732 2325 Glyeyrrlriza
744 2229 867 2325 calabro
882 2230 929 2301 Li
941 2224 1021 2317 n1'r.,
1041 2231 1170 2322 planta
1189 2228 1364 2320 perennis
1380 2227 1418 2299 in
1435 2227 1585 2319 Europa

388 2356 605 2429 australiore
634 2363 670 2430 el
698 2359 735 2430 in
754 2358 845 2429 Asia
873 2356 1242 2430 austro-occidentali
1270 2356 1454 2447 indigena,
1484 2356 1584 2446 apud

387 2505 459 2556 nos
480 2489 517 2556 et
535 2484 574 2556 in
594 2484 674 2555 aliis
699 2486 807 2557 terris
830 2485 974 2577 passim
994 2487 1104 2558 culta.
1137 2484 1395 2580 Loqulninosee.
1421 2482 1582 2577 Popilio·

387 2634 520 2683 nareae.

493 2739 630 2812 Frusta
638 2739 773 2812 radicis
785 2741 945 2812 siccatae
967 2740 1175 2833 cylindrica
1191 2740 1314 2813 variae
1331 2738 1584 2831 longitudinis

384 2888 505 2957 usque
526 2867 574 2938 ad
595 2868 669 2939 duo
691 2868 908 2941 centimetra
937 2890 1077 2957 crassa,
1104 2868 1330 2961 ponderosa,
1355 2868 1513 2952 lenacia,
1543 2868 1582 2939 in

385 2995 550 3067 fractura
578 3015 709 3085 grosse
739 2999 775 3067 el
802 2995 921 3086 rigide
951 2995 1103 3083 florosa,
1134 3000 1242 3068 extus
1272 3017 1291 3067 e
1321 2996 1443 3084 griseo
1464 2996 1582 3081 lusca,

385 3142 518 3211 grosse
549 3124 866 3214 rugoso-sulcata,
905 3122 942 3193 in
982 3122 1148 3194 sectione
1186 3129 1405 3195 transversa
1443 3121 1581 3195 coloris

384 3247 543 3319 obscure
574 3249 672 3340 flavi,
704 3256 741 3322 el
770 3250 904 3321 cortice
927 3250 1177 3322 crassiusculo
1204 3256 1240 3321 el
1264 3250 1364 3340 ligno
1385 3254 1580 3341 compacto

382 3395 513 3466 grosse
556 3375 728 3448 radiatim
772 3376 914 3463 siriam,
963 3376 1109 3469 saporis
1158 3377 1275 3449 dulcis
1324 3398 1409 3449 curn
1456 3376 1612 3479 aliquav

385 3503 570 3575 acredine.

491 3628 710 3701 noeentum.
728 3630 912 3703 Decoelem
931 3630 1190 3725 Sereopurilloe
1209 3632 1430 3726 ‹torulrosilem
1449 3634 1582 3724 fortius

381 3761 413 3825 el
448 3756 580 3828 anitius.
629 3756 762 3852 Species
809 3757 984 3829 Althaeae.
1025 3757 1159 3853 Species
1207 3758 1411 3853 [liquorum.
1450 3760 1581 3857 Species

375 3883 573 3977 pectorales

571 4222 749 4333 Radix
774 4226 1094 4365 liquiriliae
1120 4227 1398 4337 mundata.

496 4447 727 4544 Glyeyrrlrizo
765 4448 921 4522 echinato
970 4452 1108 4539 Linn.,
1155 4452 1283 4543 planta
1325 4454 1513 4543 perennis,
1542 4456 1580 4527 in

381 4575 531 4667 Europa
550 4578 866 4649 austro-orientali
886 4582 923 4649 el
943 4579 980 4649 in
1001 4578 1090 4651 Asia
1115 4578 1334 4651 occidentali
1354 4586 1574 4674 spontanea.

382 4700 641 4801 Leqeminosue.
666 4702 942 4801 Popilionoeeoe.
