<?xml version="1.0" encoding="UTF-8"?>
<!DOCTYPE html PUBLIC "-//W3C//DTD XHTML 1.0 Transitional//EN"
    "http://www.w3.org/TR/xhtml1/DTD/xhtml1-transitional.dtd">
<html xmlns="http://www.w3.org/1999/xhtml" xml:lang="en" lang="en">
 <head>
  <title>
</title>
<meta http-equiv="Content-Type" content="text/html;charset=utf-8" />
  <meta name='ocr-system' content='tesseract 3.04.00' />
  <meta name='ocr-capabilities' content='ocr_page ocr_carea ocr_par ocr_line ocrx_word'/>
</head>
<body>
  <div class='ocr_page' id='page_1' title='image "./pharmacopoeaaus01unkngoog_0211.png"; bbox 0 0 3600 5534; ppageno 0'>
   <div class='ocr_carea' id='block_1_1' title="bbox 694 529 936 601">
    <p class='ocr_par' dir='ltr' id='par_1_1' title="bbox 694 529 936 601">
     <span class='ocr_line' id='line_1_1' title="bbox 694 529 936 601; baseline -0.004 0"><span class='ocrx_word' id='word_1_1' title='bbox 694 529 936 601; x_wconf 82' lang='lat'>-179-</span> 
     </span>
    </p>
   </div>
   <div class='ocr_carea' id='block_1_2' title="bbox 211 745 1414 1352">
    <p class='ocr_par' dir='ltr' id='par_1_2' title="bbox 211 745 1414 1221">
     <span class='ocr_line' id='line_1_2' title="bbox 320 745 1414 840; baseline 0.001 -21"><span class='ocrx_word' id='word_1_2' title='bbox 320 745 413 819; x_wconf 85' lang='lat' dir='ltr'>Pars</span> <span class='ocrx_word' id='word_1_3' title='bbox 432 770 509 820; x_wconf 89' lang='lat' dir='ltr'>una</span> <span class='ocrx_word' id='word_1_4' title='bbox 528 747 623 821; x_wconf 84' lang='lat' dir='ltr'>acidi</span> <span class='ocrx_word' id='word_1_5' title='bbox 643 746 810 820; x_wconf 80' lang='lat' dir='ltr'>sulfurici</span> <span class='ocrx_word' id='word_1_6' title='bbox 829 746 1060 821; x_wconf 79' lang='lat' dir='ltr'>concontraii</span> <span class='ocrx_word' id='word_1_7' title='bbox 1077 768 1161 819; x_wconf 88' lang='lat' dir='ltr'>cum</span> <span class='ocrx_word' id='word_1_8' title='bbox 1176 748 1414 840; x_wconf 84' lang='lat' dir='ltr'>superaffusa</span> 
     </span>
     <span class='ocr_line' id='line_1_3' title="bbox 214 874 1412 967; baseline 0.001 -21"><span class='ocrx_word' id='word_1_9' title='bbox 214 880 318 966; x_wconf 76' lang='lat' dir='ltr'>parte</span> <span class='ocrx_word' id='word_1_10' title='bbox 329 874 473 966; x_wconf 87' lang='lat' dir='ltr'>aequali</span> <span class='ocrx_word' id='word_1_11' title='bbox 485 874 680 947; x_wconf 82' lang='lat' dir='ltr'>solutionis</span> <span class='ocrx_word' id='word_1_12' title='bbox 692 874 811 947; x_wconf 87' lang='lat' dir='ltr'>mellis</span> <span class='ocrx_word' id='word_1_13' title='bbox 823 896 1001 967; x_wconf 84' lang='lat' dir='ltr'><strong>aquosae,</strong></span> <span class='ocrx_word' id='word_1_14' title='bbox 1014 896 1058 947; x_wconf 90' lang='lat' dir='ltr'>eo</span> <span class='ocrx_word' id='word_1_15' title='bbox 1070 878 1202 963; x_wconf 77' lang='lat' dir='ltr'>stram,</span> <span class='ocrx_word' id='word_1_16' title='bbox 1215 896 1289 967; x_wconf 89' lang='lat' dir='ltr'>quo</span> <span class='ocrx_word' id='word_1_17' title='bbox 1301 876 1412 947; x_wconf 87' lang='lat' dir='ltr'>ambo</span> 
     </span>
     <span class='ocr_line' id='line_1_4' title="bbox 212 1001 1413 1093; baseline 0.002 -20"><span class='ocrx_word' id='word_1_18' title='bbox 212 1001 378 1093; x_wconf 83' lang='lat' dir='ltr'><strong>liquores</strong></span> <span class='ocrx_word' id='word_1_19' title='bbox 394 1023 434 1074; x_wconf 90' lang='lat' dir='ltr'>se</span> <span class='ocrx_word' id='word_1_20' title='bbox 451 1006 622 1093; x_wconf 77' lang='lat' dir='ltr'>tangunt,</span> <span class='ocrx_word' id='word_1_21' title='bbox 639 1001 803 1075; x_wconf 89' lang='lat' dir='ltr'>colorem</span> <span class='ocrx_word' id='word_1_22' title='bbox 817 1004 967 1075; x_wconf 82' lang='lat' dir='ltr'>fuscum</span> <span class='ocrx_word' id='word_1_23' title='bbox 982 1006 1048 1074; x_wconf 80' lang='lat' dir='ltr'>aut</span> <span class='ocrx_word' id='word_1_24' title='bbox 1063 1002 1210 1093; x_wconf 84' lang='lat' dir='ltr'>nigmm</span> <span class='ocrx_word' id='word_1_25' title='bbox 1225 1022 1271 1074; x_wconf 95' lang='lat' dir='ltr'>ne</span> <span class='ocrx_word' id='word_1_26' title='bbox 1287 1003 1413 1076; x_wconf 81' lang='lat' dir='ltr'>statim</span> 
     </span>
     <span class='ocr_line' id='line_1_5' title="bbox 211 1130 405 1221; baseline -0.005 -20"><span class='ocrx_word' id='word_1_27' title='bbox 211 1130 405 1221; x_wconf 81' lang='lat' dir='ltr'>producat.</span> 
     </span>
    </p>

    <p class='ocr_par' dir='ltr' id='par_1_3' title="bbox 321 1255 629 1352">
     <span class='ocr_line' id='line_1_6' title="bbox 321 1255 629 1352; baseline 0.003 -24"><span class='ocrx_word' id='word_1_28' title='bbox 321 1255 390 1328; x_wconf 75' lang='lat' dir='ltr'>Met</span> <span class='ocrx_word' id='word_1_29' title='bbox 409 1255 629 1352; x_wconf 77' lang='lat' dir='ltr'>depuratum.</span> 
     </span>
    </p>
   </div>
   <div class='ocr_carea' id='block_1_3' title="bbox 571 1686 1048 1831">
    <p class='ocr_par' dir='ltr' id='par_1_4' title="bbox 571 1686 1048 1831">
     <span class='ocr_line' id='line_1_7' title="bbox 571 1686 1048 1831; baseline 0.019 -35"><span class='ocrx_word' id='word_1_30' title='bbox 571 1686 678 1796; x_wconf 84' lang='lat' dir='ltr'>Mel</span> <span class='ocrx_word' id='word_1_31' title='bbox 703 1688 1048 1831; x_wconf 72' lang='lat' dir='ltr'>depuratum.</span> 
     </span>
    </p>
   </div>
   <div class='ocr_carea' id='block_1_4' title="bbox 201 1912 1410 3413">
    <p class='ocr_par' dir='ltr' id='par_1_5' title="bbox 201 1912 1410 3413">
     <span class='ocr_line' id='line_1_8' title="bbox 211 1912 1410 2014; baseline 0 -29"><span class='ocrx_word' id='word_1_32' title='bbox 211 1914 310 2007; x_wconf 91' lang='lat' dir='ltr'>Rpe:</span> <span class='ocrx_word' id='word_1_33' title='bbox 351 1912 554 2014; x_wconf 64' lang='lat' dir='ltr'>castogae!</span> <span class='ocrx_word' id='word_1_34' title='bbox 754 1920 957 2011; x_wconf 76' lang='lat' dir='ltr'>prommom</span> <span class='ocrx_word' id='word_1_35' title='bbox 977 1920 1131 2009; x_wconf 80' lang='lat' dir='ltr'>quotuor</span> <span class='ocrx_word' id='word_1_36' title='bbox 1385 1914 1410 1985; x_wconf 77' lang='lat'>4</span> 
     </span>
     <span class='ocr_line' id='line_1_9' title="bbox 350 2022 1410 2143; baseline -0.002 -26"><span class='ocrx_word' id='word_1_37' title='bbox 350 2041 471 2143; x_wconf 73' lang='lat' dir='ltr'>Aque</span> <span class='ocrx_word' id='word_1_38' title='bbox 491 2040 700 2119; x_wconf 64' lang='lat' dir='ltr'>destinatae</span> <span class='ocrx_word' id='word_1_39' title='bbox 754 2022 999 2139; x_wconf 65' lang='lat' dir='ltr'>proviniacum</span> <span class='ocrx_word' id='word_1_40' title='bbox 1010 2041 1079 2115; x_wconf 82' lang='lat' dir='ltr'>duo</span> <span class='ocrx_word' id='word_1_41' title='bbox 1094 2041 1218 2115; x_wconf 71' lang='lat' dir='ltr'>cirillia.</span> <span class='ocrx_word' id='word_1_42' title='bbox 1306 2041 1410 2115; x_wconf 92' lang='grc'>0000</span> 
     </span>
     <span class='ocr_line' id='line_1_10' title="bbox 320 2170 1282 2262; baseline 0 -19"><span class='ocrx_word' id='word_1_43' title='bbox 320 2170 468 2244; x_wconf 80' lang='lat' dir='ltr'>Calei&#39;ac</span> <span class='ocrx_word' id='word_1_44' title='bbox 487 2171 667 2249; x_wconf 81' lang='lat' dir='ltr'>inlebete</span> <span class='ocrx_word' id='word_1_45' title='bbox 686 2191 809 2262; x_wconf 88' lang='lat' dir='ltr'>usque</span> <span class='ocrx_word' id='word_1_46' title='bbox 830 2171 879 2243; x_wconf 90' lang='lat' dir='ltr'>ad</span> <span class='ocrx_word' id='word_1_47' title='bbox 899 2170 1164 2259; x_wconf 75' lang='lat' dir='ltr'>ebullitionem,</span> <span class='ocrx_word' id='word_1_48' title='bbox 1185 2170 1282 2243; x_wconf 90' lang='lat' dir='ltr'>adde</span> 
     </span>
     <span class='ocr_line' id='line_1_11' title="bbox 351 2294 1408 2394; baseline -0.001 -23"><span class='ocrx_word' id='word_1_49' title='bbox 351 2294 466 2374; x_wconf 74' lang='lat' dir='ltr'>lenis</span> <span class='ocrx_word' id='word_1_50' title='bbox 754 2304 992 2394; x_wconf 78' lang='lat' dir='ltr'>prammoium</span> <span class='ocrx_word' id='word_1_51' title='bbox 1012 2297 1080 2369; x_wconf 79' lang='lat' dir='ltr'>duo</span> <span class='ocrx_word' id='word_1_52' title='bbox 1099 2296 1225 2370; x_wconf 80' lang='lat' dir='ltr'>millio.</span> <span class='ocrx_word' id='word_1_53' title='bbox 1302 2297 1408 2370; x_wconf 93' lang='grc'>0000</span> 
     </span>
     <span class='ocr_line' id='line_1_12' title="bbox 320 2425 1410 2518; baseline 0 -21"><span class='ocrx_word' id='word_1_54' title='bbox 320 2425 539 2517; x_wconf 80' lang='lat' dir='ltr'>Coquantur</span> <span class='ocrx_word' id='word_1_55' title='bbox 552 2427 628 2499; x_wconf 90' lang='lat' dir='ltr'>leni</span> <span class='ocrx_word' id='word_1_56' title='bbox 642 2426 726 2517; x_wconf 78' lang='lat' dir='ltr'>igne</span> <span class='ocrx_word' id='word_1_57' title='bbox 741 2447 808 2518; x_wconf 89' lang='lat' dir='ltr'>per</span> <span class='ocrx_word' id='word_1_58' title='bbox 823 2425 1074 2517; x_wconf 83' lang='lat' dir='ltr'>quadrantem</span> <span class='ocrx_word' id='word_1_59' title='bbox 1089 2425 1218 2514; x_wconf 89' lang='lat' dir='ltr'>horae,</span> <span class='ocrx_word' id='word_1_60' title='bbox 1234 2446 1410 2517; x_wconf 87' lang='lat' dir='ltr'>spumam</span> 
     </span>
     <span class='ocr_line' id='line_1_13' title="bbox 211 2551 1406 2645; baseline -0.001 -22"><span class='ocrx_word' id='word_1_61' title='bbox 211 2575 281 2645; x_wconf 92' lang='lat' dir='ltr'>ope</span> <span class='ocrx_word' id='word_1_62' title='bbox 297 2552 504 2625; x_wconf 88' lang='lat' dir='ltr'>cochlearis</span> <span class='ocrx_word' id='word_1_63' title='bbox 525 2552 793 2645; x_wconf 76' lang='lat' dir='ltr'>despumalorii</span> <span class='ocrx_word' id='word_1_64' title='bbox 809 2552 1041 2645; x_wconf 87' lang='lat' dir='ltr'>separando;</span> <span class='ocrx_word' id='word_1_65' title='bbox 1062 2553 1185 2645; x_wconf 88' lang='lat' dir='ltr'>liquor</span> <span class='ocrx_word' id='word_1_66' title='bbox 1200 2551 1325 2624; x_wconf 92' lang='lat' dir='ltr'>adhuc</span> <span class='ocrx_word' id='word_1_67' title='bbox 1346 2573 1406 2623; x_wconf 86' lang='lat' dir='ltr'>ca-</span> 
     </span>
     <span class='ocr_line' id='line_1_14' title="bbox 211 2678 1408 2775; baseline -0.001 -24"><span class='ocrx_word' id='word_1_68' title='bbox 211 2679 308 2752; x_wconf 88' lang='lat' dir='ltr'>lidus</span> <span class='ocrx_word' id='word_1_69' title='bbox 328 2702 396 2773; x_wconf 88' lang='lat' dir='ltr'>per</span> <span class='ocrx_word' id='word_1_70' title='bbox 415 2681 605 2753; x_wconf 80' lang='lat' dir='ltr'>manicam</span> <span class='ocrx_word' id='word_1_71' title='bbox 622 2700 812 2775; x_wconf 87' lang='lat' dir='ltr'>panneam</span> <span class='ocrx_word' id='word_1_72' title='bbox 832 2682 975 2754; x_wconf 75' lang='lat' dir='ltr'>coletur</span> <span class='ocrx_word' id='word_1_73' title='bbox 995 2685 1031 2752; x_wconf 86' lang='lat' dir='ltr'>et</span> <span class='ocrx_word' id='word_1_74' title='bbox 1056 2678 1105 2752; x_wconf 88' lang='lat' dir='ltr'>ad</span> <span class='ocrx_word' id='word_1_75' title='bbox 1125 2678 1408 2751; x_wconf 77' lang='lat' dir='ltr'>consistentiam</span> 
     </span>
     <span class='ocr_line' id='line_1_15' title="bbox 209 2807 802 2901; baseline 0 -23"><span class='ocrx_word' id='word_1_76' title='bbox 209 2807 337 2899; x_wconf 79' lang='lat' dir='ltr'>syrupi</span> <span class='ocrx_word' id='word_1_77' title='bbox 356 2807 548 2901; x_wconf 87' lang='lat' dir='ltr'>spissioris</span> <span class='ocrx_word' id='word_1_78' title='bbox 569 2812 802 2899; x_wconf 81' lang='lat' dir='ltr'>evaporatur.</span> 
     </span>
     <span class='ocr_line' id='line_1_16' title="bbox 316 2933 751 3025; baseline -0.005 -18"><span class='ocrx_word' id='word_1_79' title='bbox 316 2935 432 3007; x_wconf 86' lang='lat' dir='ltr'>Serva</span> <span class='ocrx_word' id='word_1_80' title='bbox 451 2935 491 3008; x_wconf 94' lang='lat' dir='ltr'>in</span> <span class='ocrx_word' id='word_1_81' title='bbox 509 2935 592 3006; x_wconf 90' lang='lat' dir='ltr'>loco</span> <span class='ocrx_word' id='word_1_82' title='bbox 607 2933 751 3025; x_wconf 85' lang='lat' dir='ltr'>frigido.</span> 
     </span>
     <span class='ocr_line' id='line_1_17' title="bbox 313 3058 1403 3135; baseline -0.002 -2"><span class='ocrx_word' id='word_1_83' title='bbox 313 3060 552 3135; x_wconf 77' lang='lat' dir='ltr'>Eleciuorium</span> <span class='ocrx_word' id='word_1_84' title='bbox 577 3061 818 3133; x_wconf 70' lang='lat' dir='ltr'>aromaticam.</span> <span class='ocrx_word' id='word_1_85' title='bbox 847 3058 1071 3132; x_wconf 80' lang='lat' dir='ltr'>Electuarum</span> <span class='ocrx_word' id='word_1_86' title='bbox 1100 3059 1288 3131; x_wconf 57' lang='lat' dir='ltr'>leoninum.</span> <span class='ocrx_word' id='word_1_87' title='bbox 1319 3060 1403 3131; x_wconf 83' lang='lat' dir='ltr'>Em·</span> 
     </span>
     <span class='ocr_line' id='line_1_18' title="bbox 201 3186 1406 3286; baseline 0.002 -28"><span class='ocrx_word' id='word_1_88' title='bbox 201 3188 377 3281; x_wconf 59' lang='lat' dir='ltr'>plasticam</span> <span class='ocrx_word' id='word_1_89' title='bbox 395 3188 639 3286; x_wconf 69' lang='lat' dir='ltr'>Amplioonum.</span> <span class='ocrx_word' id='word_1_90' title='bbox 667 3186 738 3260; x_wconf 71' lang='lat' dir='ltr'>Mer</span> <span class='ocrx_word' id='word_1_91' title='bbox 755 3194 921 3261; x_wconf 78' lang='lat' dir='ltr'>rosatum.</span> <span class='ocrx_word' id='word_1_92' title='bbox 949 3186 1088 3286; x_wconf 75' lang='lat' dir='ltr'>annael</span> <span class='ocrx_word' id='word_1_93' title='bbox 1106 3186 1239 3261; x_wconf 70' lang='lat' dir='ltr'>scillae.</span> <span class='ocrx_word' id='word_1_94' title='bbox 1265 3189 1406 3286; x_wconf 77' lang='lat' dir='ltr'>Oropmcl</span> 
     </span>
     <span class='ocr_line' id='line_1_19' title="bbox 207 3316 359 3413; baseline 0.007 -26"><span class='ocrx_word' id='word_1_95' title='bbox 207 3316 359 3413; x_wconf 71' lang='lat' dir='ltr'>simplex.</span> 
     </span>
    </p>
   </div>
   <div class='ocr_carea' id='block_1_5' title="bbox 613 3710 1004 3821">
    <p class='ocr_par' dir='ltr' id='par_1_6' title="bbox 613 3710 1004 3821">
     <span class='ocr_line' id='line_1_20' title="bbox 613 3710 1004 3821; baseline 0 -1"><span class='ocrx_word' id='word_1_96' title='bbox 613 3710 720 3820; x_wconf 86' lang='lat' dir='ltr'>Mei</span> <span class='ocrx_word' id='word_1_97' title='bbox 744 3716 1004 3821; x_wconf 70' lang='lat' dir='ltr'>rosatum.</span> 
     </span>
    </p>
   </div>
   <div class='ocr_carea' id='block_1_6' title="bbox 209 3934 1483 4165">
    <p class='ocr_par' dir='ltr' id='par_1_7' title="bbox 209 3934 1483 4165">
     <span class='ocr_line' id='line_1_21' title="bbox 209 3934 1403 4033; baseline -0.003 -22"><span class='ocrx_word' id='word_1_98' title='bbox 209 3938 304 4031; x_wconf 83' lang='lat' dir='ltr'>Rpe:</span> <span class='ocrx_word' id='word_1_99' title='bbox 344 3934 487 4013; x_wconf 69' lang='lat' dir='ltr'>ilem</span> <span class='ocrx_word' id='word_1_100' title='bbox 506 3934 620 4013; x_wconf 64' lang='lat' dir='ltr'>Eme</span> <span class='ocrx_word' id='word_1_101' title='bbox 746 3942 945 4033; x_wconf 70' lang='lat' dir='ltr'>pranmrola</span> <span class='ocrx_word' id='word_1_102' title='bbox 964 3935 1092 4031; x_wconf 75' lang='lat' dir='ltr'>vipinti</span> <span class='ocrx_word' id='word_1_103' title='bbox 1352 3938 1403 4009; x_wconf 88' lang='grc'>00</span> 
     </span>
     <span class='ocr_line' id='line_1_22' title="bbox 341 4060 1483 4165; baseline -0.012 -24"><span class='ocrx_word' id='word_1_104' title='bbox 341 4062 461 4165; x_wconf 70' lang='lat' dir='ltr'>Aque</span> <span class='ocrx_word' id='word_1_105' title='bbox 482 4060 643 4151; x_wconf 61' lang='lat' dir='ltr'>fervidae</span> <span class='ocrx_word' id='word_1_106' title='bbox 747 4070 948 4160; x_wconf 70' lang='lat' dir='ltr'>yromnroto</span> <span class='ocrx_word' id='word_1_107' title='bbox 966 4062 1033 4135; x_wconf 81' lang='lat' dir='ltr'>duc</span> <span class='ocrx_word' id='word_1_108' title='bbox 1049 4069 1123 4135; x_wconf 77' lang='lat' dir='ltr'>nia.</span> <span class='ocrx_word' id='word_1_109' title='bbox 1325 4064 1402 4136; x_wconf 89' lang='grc'>000</span> <span class='ocrx_word' id='word_1_110' title='bbox 1476 4112 1483 4127; x_wconf 92' lang='grc'><strong>.</strong></span> 
     </span>
    </p>
   </div>
   <div class='ocr_carea' id='block_1_7' title="bbox 206 4190 1402 4893">
    <p class='ocr_par' dir='ltr' id='par_1_8' title="bbox 206 4190 1402 4893">
     <span class='ocr_line' id='line_1_23' title="bbox 314 4190 1402 4286; baseline 0.001 -22"><span class='ocrx_word' id='word_1_111' title='bbox 314 4192 462 4286; x_wconf 89' lang='lat' dir='ltr'>Sepone</span> <span class='ocrx_word' id='word_1_112' title='bbox 481 4196 640 4285; x_wconf 81' lang='lat' dir='ltr'>perires</span> <span class='ocrx_word' id='word_1_113' title='bbox 659 4192 783 4281; x_wconf 68' lang='lat' dir='ltr'>horas</span> <span class='ocrx_word' id='word_1_114' title='bbox 810 4195 891 4263; x_wconf 87' lang='lat' dir='ltr'>tum</span> <span class='ocrx_word' id='word_1_115' title='bbox 922 4190 1005 4263; x_wconf 87' lang='lat' dir='ltr'>cola</span> <span class='ocrx_word' id='word_1_116' title='bbox 1025 4197 1061 4263; x_wconf 86' lang='lat' dir='ltr'>et</span> <span class='ocrx_word' id='word_1_117' title='bbox 1086 4191 1262 4283; x_wconf 83' lang='lat' dir='ltr'>exprime,</span> <span class='ocrx_word' id='word_1_118' title='bbox 1291 4195 1402 4283; x_wconf 76' lang='lat' dir='ltr'>atque</span> 
     </span>
     <span class='ocr_line' id='line_1_24' title="bbox 206 4320 613 4414; baseline 0 -21"><span class='ocrx_word' id='word_1_119' title='bbox 206 4320 340 4414; x_wconf 90' lang='lat' dir='ltr'>liquori</span> <span class='ocrx_word' id='word_1_120' title='bbox 360 4320 497 4393; x_wconf 75' lang='lat' dir='ltr'>filtraio</span> <span class='ocrx_word' id='word_1_121' title='bbox 517 4321 613 4393; x_wconf 90' lang='lat' dir='ltr'>adde</span> 
     </span>
     <span class='ocr_line' id='line_1_25' title="bbox 343 4444 1402 4545; baseline -0.006 -22"><span class='ocrx_word' id='word_1_122' title='bbox 343 4445 458 4523; x_wconf 71' lang='lat' dir='ltr'>loliis</span> <span class='ocrx_word' id='word_1_123' title='bbox 477 4444 646 4545; x_wconf 64' lang='lat' dir='ltr'>deputati</span> <span class='ocrx_word' id='word_1_124' title='bbox 744 4452 943 4542; x_wconf 76' lang='lat' dir='ltr'>prommaio</span> <span class='ocrx_word' id='word_1_125' title='bbox 959 4445 1156 4542; x_wconf 76' lang='lat' dir='ltr'>qoinpeoio.</span> <span class='ocrx_word' id='word_1_126' title='bbox 1324 4445 1402 4518; x_wconf 87' lang='lat'>500</span> 
     </span>
     <span class='ocr_line' id='line_1_26' title="bbox 312 4556 1400 4667; baseline -0.001 -21"><span class='ocrx_word' id='word_1_127' title='bbox 312 4574 430 4647; x_wconf 78' lang='lat' dir='ltr'>Mixto</span> <span class='ocrx_word' id='word_1_128' title='bbox 449 4578 697 4667; x_wconf 78' lang='lat' dir='ltr'>evaporantur</span> <span class='ocrx_word' id='word_1_129' title='bbox 715 4572 789 4645; x_wconf 90' lang='lat' dir='ltr'>leni</span> <span class='ocrx_word' id='word_1_130' title='bbox 803 4573 888 4665; x_wconf 83' lang='lat' dir='ltr'>igne</span> <span class='ocrx_word' id='word_1_131' title='bbox 905 4573 954 4646; x_wconf 90' lang='lat' dir='ltr'>ad</span> <span class='ocrx_word' id='word_1_132' title='bbox 969 4572 1090 4645; x_wconf 87' lang='lat' dir='ltr'>mellis</span> <span class='ocrx_word' id='word_1_133' title='bbox 1107 4556 1400 4665; x_wconf 81' lang='lat' dir='ltr'>spissitudinem.</span> 
     </span>
     <span class='ocr_line' id='line_1_27' title="bbox 314 4698 755 4793; baseline -0.007 -17"><span class='ocrx_word' id='word_1_134' title='bbox 314 4703 432 4776; x_wconf 69' lang='lat' dir='ltr'>Serva</span> <span class='ocrx_word' id='word_1_135' title='bbox 449 4703 489 4775; x_wconf 92' lang='lat' dir='ltr'>in</span> <span class='ocrx_word' id='word_1_136' title='bbox 507 4701 591 4773; x_wconf 89' lang='lat' dir='ltr'>loco</span> <span class='ocrx_word' id='word_1_137' title='bbox 610 4698 755 4793; x_wconf 80' lang='lat' dir='ltr'>frigido.</span> 
     </span>
     <span class='ocr_line' id='line_1_28' title="bbox 1186 4839 1239 4893; baseline 0 0"><span class='ocrx_word' id='word_1_138' title='bbox 1186 4839 1239 4893; x_wconf 77' lang='lat'>12*</span> 
     </span>
    </p>
   </div>
   <div class='ocr_carea' id='block_1_8' title="bbox 0 0 1804 5534">
    <p class='ocr_par' dir='ltr' id='par_1_9' title="bbox 0 0 1804 5534">
     <span class='ocr_line' id='line_1_29' title="bbox 0 0 1804 5534; baseline 0 5"><span class='ocrx_word' id='word_1_139' title='bbox 0 0 1804 5534; x_wconf 95' lang='lat' dir='ltr'> </span> 
     </span>
    </p>
   </div>
  </div>
 </body>
</html>
