<?xml version="1.0" encoding="UTF-8"?>
<!DOCTYPE html PUBLIC "-//W3C//DTD XHTML 1.0 Transitional//EN"
    "http://www.w3.org/TR/xhtml1/DTD/xhtml1-transitional.dtd">
<html xmlns="http://www.w3.org/1999/xhtml" xml:lang="en" lang="en">
 <head>
  <title>
</title>
<meta http-equiv="Content-Type" content="text/html;charset=utf-8" />
  <meta name='ocr-system' content='tesseract 3.04.00' />
  <meta name='ocr-capabilities' content='ocr_page ocr_carea ocr_par ocr_line ocrx_word'/>
</head>
<body>
  <div class='ocr_page' id='page_1' title='image "./pharmacopoeaaus01unkngoog_0107.png"; bbox 0 0 3600 5534; ppageno 0'>
   <div class='ocr_carea' id='block_1_1' title="bbox 744 513 954 584">
    <p class='ocr_par' dir='ltr' id='par_1_1' title="bbox 744 513 954 584">
     <span class='ocr_line' id='line_1_1' title="bbox 744 513 954 584; baseline -0.005 -21"><span class='ocrx_word' id='word_1_1' title='bbox 744 553 788 563; x_wconf 87' lang='lat'><strong>-..</strong></span> <span class='ocrx_word' id='word_1_2' title='bbox 825 513 875 584; x_wconf 79' lang='lat'><strong>79</strong></span> <span class='ocrx_word' id='word_1_3' title='bbox 908 554 954 562; x_wconf 77' lang='grc'><strong>-</strong></span> 
     </span>
    </p>
   </div>
   <div class='ocr_carea' id='block_1_2' title="bbox 359 729 1444 822">
    <p class='ocr_par' dir='ltr' id='par_1_2' title="bbox 359 729 1444 822">
     <span class='ocr_line' id='line_1_2' title="bbox 359 729 1444 822; baseline -0.003 -20"><span class='ocrx_word' id='word_1_4' title='bbox 359 730 487 802; x_wconf 87' lang='lat' dir='ltr'><strong>Massa</strong></span> <span class='ocrx_word' id='word_1_5' title='bbox 526 729 650 802; x_wconf 84' lang='lat' dir='ltr'><strong>adhuc</strong></span> <span class='ocrx_word' id='word_1_6' title='bbox 690 729 807 804; x_wconf 87' lang='lat' dir='ltr'><strong>calida</strong></span> <span class='ocrx_word' id='word_1_7' title='bbox 847 749 962 822; x_wconf 89' lang='lat' dir='ltr'><strong>supra</strong></span> <span class='ocrx_word' id='word_1_8' title='bbox 994 729 1108 802; x_wconf 88' lang='lat' dir='ltr'><strong>telam</strong></span> <span class='ocrx_word' id='word_1_9' title='bbox 1135 729 1288 802; x_wconf 80' lang='lat' dir='ltr'>linteam</span> <span class='ocrx_word' id='word_1_10' title='bbox 1317 732 1444 801; x_wconf 84' lang='lat' dir='ltr'><strong>exten·</strong></span> 
     </span>
    </p>
   </div>
   <div class='ocr_carea' id='block_1_3' title="bbox 251 859 781 1059">
    <p class='ocr_par' dir='ltr' id='par_1_3' title="bbox 251 859 781 1059">
     <span class='ocr_line' id='line_1_3' title="bbox 251 859 371 931; baseline 0 -1"><span class='ocrx_word' id='word_1_11' title='bbox 251 859 371 931; x_wconf 89' lang='lat' dir='ltr'><strong>datur.</strong></span> 
     </span>
     <span class='ocr_line' id='line_1_4' title="bbox 359 983 781 1059; baseline 0.002 -1"><span class='ocrx_word' id='word_1_12' title='bbox 359 985 412 1058; x_wconf 90' lang='lat' dir='ltr'><strong>Sit</strong></span> <span class='ocrx_word' id='word_1_13' title='bbox 430 983 537 1056; x_wconf 87' lang='lat' dir='ltr'><strong>valde</strong></span> <span class='ocrx_word' id='word_1_14' title='bbox 557 984 781 1059; x_wconf 81' lang='lat' dir='ltr'><strong>adhaerens.</strong></span> 
     </span>
    </p>
   </div>
   <div class='ocr_carea' id='block_1_4' title="bbox 359 1164 858 1263">
    <p class='ocr_par' dir='ltr' id='par_1_4' title="bbox 359 1164 858 1263">
     <span class='ocr_line' id='line_1_5' title="bbox 359 1164 858 1263; baseline -0.008 -23"><span class='ocrx_word' id='word_1_15' title='bbox 359 1165 599 1263; x_wconf 81' lang='lat' dir='ltr'><strong>Emplastrum</strong></span> <span class='ocrx_word' id='word_1_16' title='bbox 621 1164 858 1262; x_wconf 74' lang='lat' dir='ltr'><strong>Hydrorpyri.</strong></span> 
     </span>
    </p>
   </div>
   <div class='ocr_carea' id='block_1_5' title="bbox 468 1705 1226 1850">
    <p class='ocr_par' dir='ltr' id='par_1_5' title="bbox 468 1705 1226 1850">
     <span class='ocr_line' id='line_1_6' title="bbox 468 1705 1226 1850; baseline 0.005 -30"><span class='ocrx_word' id='word_1_17' title='bbox 468 1706 833 1850; x_wconf 78' lang='lat' dir='ltr'><strong>Emplastrum</strong></span> <span class='ocrx_word' id='word_1_18' title='bbox 854 1705 1226 1850; x_wconf 66' lang='lat' dir='ltr'><strong>anglicanum.</strong></span> 
     </span>
    </p>
   </div>
   <div class='ocr_carea' id='block_1_6' title="bbox 250 2002 1445 2230">
    <p class='ocr_par' dir='ltr' id='par_1_6' title="bbox 250 2002 1445 2230">
     <span class='ocr_line' id='line_1_7' title="bbox 250 2002 1001 2104; baseline 0.004 -27"><span class='ocrx_word' id='word_1_19' title='bbox 250 2005 352 2098; x_wconf 90' lang='lat' dir='ltr'><strong>Rpe:</strong></span> <span class='ocrx_word' id='word_1_20' title='bbox 393 2002 633 2104; x_wconf 73' lang='lat' dir='ltr'><strong>lclrtyooollno</strong></span> <span class='ocrx_word' id='word_1_21' title='bbox 654 2003 816 2080; x_wconf 79' lang='lat' dir='ltr'><strong>ninutln</strong></span> <span class='ocrx_word' id='word_1_22' title='bbox 835 2003 1001 2081; x_wconf 76' lang='lat' dir='ltr'><strong>concisus</strong></span> 
     </span>
     <span class='ocr_line' id='line_1_8' title="bbox 684 2133 1445 2230; baseline 0.001 -27"><span class='ocrx_word' id='word_1_23' title='bbox 684 2139 879 2230; x_wconf 69' lang='lat' dir='ltr'><strong>grammato</strong></span> <span class='ocrx_word' id='word_1_24' title='bbox 899 2139 1033 2204; x_wconf 84' lang='lat' dir='ltr'><strong>centum</strong></span> <span class='ocrx_word' id='word_1_25' title='bbox 1371 2133 1445 2204; x_wconf 88' lang='lat'><strong>100</strong></span> 
     </span>
    </p>
   </div>
   <div class='ocr_carea' id='block_1_7' title="bbox 249 2260 411 2332">
    <p class='ocr_par' dir='ltr' id='par_1_7' title="bbox 249 2260 411 2332">
     <span class='ocr_line' id='line_1_9' title="bbox 249 2260 411 2332; baseline 0 0"><span class='ocrx_word' id='word_1_26' title='bbox 249 2261 352 2332; x_wconf 90' lang='lat' dir='ltr'><strong>solve</strong></span> <span class='ocrx_word' id='word_1_27' title='bbox 373 2260 411 2332; x_wconf 92' lang='lat' dir='ltr'><strong>in</strong></span> 
     </span>
    </p>
   </div>
   <div class='ocr_carea' id='block_1_8' title="bbox 386 2389 1446 2629">
    <p class='ocr_par' dir='ltr' id='par_1_8' title="bbox 386 2389 1446 2629">
     <span class='ocr_line' id='line_1_10' title="bbox 386 2389 895 2505; baseline -0.004 -26"><span class='ocrx_word' id='word_1_28' title='bbox 386 2403 506 2505; x_wconf 78' lang='lat' dir='ltr'><strong>lqno</strong></span> <span class='ocrx_word' id='word_1_29' title='bbox 526 2389 733 2482; x_wconf 66' lang='lat' dir='ltr'><strong>«tantillitas</strong></span> <span class='ocrx_word' id='word_1_30' title='bbox 752 2401 895 2480; x_wconf 68' lang='lat' dir='ltr'><strong>solidae</strong></span> 
     </span>
     <span class='ocr_line' id='line_1_11' title="bbox 682 2531 1446 2629; baseline 0.004 -27"><span class='ocrx_word' id='word_1_31' title='bbox 682 2539 915 2629; x_wconf 69' lang='lat' dir='ltr'><strong>praeornatum</strong></span> <span class='ocrx_word' id='word_1_32' title='bbox 935 2531 1058 2605; x_wconf 78' lang='lat' dir='ltr'><strong><em>duobis</em></strong></span> <span class='ocrx_word' id='word_1_33' title='bbox 1076 2531 1231 2604; x_wconf 59' lang='lat' dir='ltr'><strong>trallibus</strong></span> <span class='ocrx_word' id='word_1_34' title='bbox 1341 2533 1446 2605; x_wconf 74' lang='lat' dir='ltr'><strong>loon</strong></span> 
     </span>
    </p>
   </div>
   <div class='ocr_carea' id='block_1_9' title="bbox 250 2662 346 2734">
    <p class='ocr_par' dir='ltr' id='par_1_9' title="bbox 250 2662 346 2734">
     <span class='ocr_line' id='line_1_12' title="bbox 250 2662 346 2734; baseline -0.01 0"><span class='ocrx_word' id='word_1_35' title='bbox 250 2662 346 2734; x_wconf 93' lang='lat' dir='ltr'><strong>adde</strong></span> 
     </span>
    </p>
   </div>
   <div class='ocr_carea' id='block_1_10' title="bbox 386 2781 1445 3013">
    <p class='ocr_par' dir='ltr' id='par_1_10' title="bbox 386 2781 1445 3013">
     <span class='ocr_line' id='line_1_13' title="bbox 386 2781 1015 2888; baseline 0.002 -28"><span class='ocrx_word' id='word_1_36' title='bbox 386 2781 540 2888; x_wconf 73' lang='lat' dir='ltr'><strong>Spiritus</strong></span> <span class='ocrx_word' id='word_1_37' title='bbox 559 2785 636 2863; x_wconf 77' lang='lat' dir='ltr'><strong>tm</strong></span> <span class='ocrx_word' id='word_1_38' title='bbox 657 2785 883 2865; x_wconf 74' lang='lat' dir='ltr'><strong>concontrrti</strong></span> <span class='ocrx_word' id='word_1_39' title='bbox 1012 2854 1015 2861; x_wconf 88' lang='lat'><em>.</em></span> 
     </span>
     <span class='ocr_line' id='line_1_14' title="bbox 685 2916 1445 3013; baseline -0.003 -24"><span class='ocrx_word' id='word_1_40' title='bbox 685 2923 881 3013; x_wconf 68' lang='lat' dir='ltr'><strong>grammato</strong></span> <span class='ocrx_word' id='word_1_41' title='bbox 900 2923 1032 2990; x_wconf 70' lang='lat' dir='ltr'><strong>centron</strong></span> <span class='ocrx_word' id='word_1_42' title='bbox 1372 2916 1445 2988; x_wconf 87' lang='grc'><strong>100</strong></span> 
     </span>
    </p>
   </div>
   <div class='ocr_carea' id='block_1_11' title="bbox 386 3057 691 3160">
    <p class='ocr_par' dir='ltr' id='par_1_11' title="bbox 386 3057 691 3160">
     <span class='ocr_line' id='line_1_15' title="bbox 386 3057 691 3160; baseline -0.007 -24"><span class='ocrx_word' id='word_1_43' title='bbox 386 3058 503 3138; x_wconf 74' lang='lat' dir='ltr'><strong>loliis</strong></span> <span class='ocrx_word' id='word_1_44' title='bbox 524 3057 691 3160; x_wconf 72' lang='lat' dir='ltr'><strong>deputati</strong></span> 
     </span>
    </p>
   </div>
   <div class='ocr_carea' id='block_1_12' title="bbox 251 3187 1446 3409">
    <p class='ocr_par' dir='ltr' id='par_1_12' title="bbox 251 3187 1446 3409">
     <span class='ocr_line' id='line_1_16' title="bbox 683 3187 1446 3284; baseline 0.001 -24"><span class='ocrx_word' id='word_1_45' title='bbox 683 3195 879 3284; x_wconf 66' lang='lat' dir='ltr'><strong>proclamato</strong></span> <span class='ocrx_word' id='word_1_46' title='bbox 899 3187 1007 3259; x_wconf 83' lang='lat' dir='ltr'><strong>dcccm-</strong></span> <span class='ocrx_word' id='word_1_47' title='bbox 1398 3189 1446 3261; x_wconf 85' lang='lat'><strong>10</strong></span> 
     </span>
     <span class='ocr_line' id='line_1_17' title="bbox 251 3315 660 3409; baseline 0 -21"><span class='ocrx_word' id='word_1_48' title='bbox 251 3321 288 3388; x_wconf 88' lang='lat' dir='ltr'><strong>et</strong></span> <span class='ocrx_word' id='word_1_49' title='bbox 307 3315 389 3388; x_wconf 90' lang='lat' dir='ltr'><strong>cola</strong></span> <span class='ocrx_word' id='word_1_50' title='bbox 407 3337 475 3409; x_wconf 88' lang='lat' dir='ltr'><strong>per</strong></span> <span class='ocrx_word' id='word_1_51' title='bbox 493 3315 660 3388; x_wconf 92' lang='lat' dir='ltr'><strong>linteum.</strong></span> 
     </span>
    </p>
   </div>
   <div class='ocr_carea' id='block_1_13' title="bbox 250 3459 1448 4060">
    <p class='ocr_par' dir='ltr' id='par_1_13' title="bbox 250 3459 1448 4060">
     <span class='ocr_line' id='line_1_18' title="bbox 361 3459 1446 3554; baseline 0 -22"><span class='ocrx_word' id='word_1_52' title='bbox 361 3459 596 3534; x_wconf 87' lang='lat' dir='ltr'><strong>Solutioncm</strong></span> <span class='ocrx_word' id='word_1_53' title='bbox 615 3459 690 3532; x_wconf 92' lang='lat' dir='ltr'><strong>leni</strong></span> <span class='ocrx_word' id='word_1_54' title='bbox 710 3460 833 3534; x_wconf 90' lang='lat' dir='ltr'><strong>calore</strong></span> <span class='ocrx_word' id='word_1_55' title='bbox 852 3461 1103 3553; x_wconf 82' lang='lat' dir='ltr'><strong>liquefactam,</strong></span> <span class='ocrx_word' id='word_1_56' title='bbox 1122 3460 1283 3554; x_wconf 87' lang='lat' dir='ltr'><strong>penicilli</strong></span> <span class='ocrx_word' id='word_1_57' title='bbox 1308 3482 1379 3554; x_wconf 87' lang='lat' dir='ltr'><strong>ope</strong></span> <span class='ocrx_word' id='word_1_58' title='bbox 1409 3460 1446 3532; x_wconf 88' lang='lat' dir='ltr'><strong>iu</strong></span> 
     </span>
     <span class='ocr_line' id='line_1_19' title="bbox 251 3586 1448 3680; baseline -0.003 -18"><span class='ocrx_word' id='word_1_59' title='bbox 251 3587 367 3662; x_wconf 88' lang='lat' dir='ltr'><strong>telam</strong></span> <span class='ocrx_word' id='word_1_60' title='bbox 405 3586 671 3678; x_wconf 82' lang='lat' dir='ltr'><strong>bombycinum</strong></span> <span class='ocrx_word' id='word_1_61' title='bbox 709 3587 920 3678; x_wconf 80' lang='lat' dir='ltr'><strong>levigatam,</strong></span> <span class='ocrx_word' id='word_1_62' title='bbox 960 3588 1177 3660; x_wconf 84' lang='lat' dir='ltr'><strong>centimetra</strong></span> <span class='ocrx_word' id='word_1_63' title='bbox 1214 3589 1448 3680; x_wconf 76' lang='lat' dir='ltr'><strong>septuaginta</strong></span> 
     </span>
     <span class='ocr_line' id='line_1_20' title="bbox 251 3715 1446 3810; baseline -0.003 -21"><span class='ocrx_word' id='word_1_64' title='bbox 251 3717 416 3810; x_wconf 88' lang='lat' dir='ltr'><strong>quinque</strong></span> <span class='ocrx_word' id='word_1_65' title='bbox 445 3715 597 3806; x_wconf 90' lang='lat' dir='ltr'><strong>longam</strong></span> <span class='ocrx_word' id='word_1_66' title='bbox 627 3719 664 3787; x_wconf 89' lang='lat' dir='ltr'><strong>et</strong></span> <span class='ocrx_word' id='word_1_67' title='bbox 702 3715 916 3788; x_wconf 87' lang='lat' dir='ltr'><strong>centimetra</strong></span> <span class='ocrx_word' id='word_1_68' title='bbox 952 3715 1147 3806; x_wconf 82' lang='lat' dir='ltr'><strong>sexaginta</strong></span> <span class='ocrx_word' id='word_1_69' title='bbox 1169 3716 1323 3806; x_wconf 88' lang='lat' dir='ltr'><strong>largam,</strong></span> <span class='ocrx_word' id='word_1_70' title='bbox 1351 3715 1446 3787; x_wconf 85' lang='lat' dir='ltr'><strong>bene</strong></span> 
     </span>
     <span class='ocr_line' id='line_1_21' title="bbox 251 3839 1448 3934; baseline -0.003 -19"><span class='ocrx_word' id='word_1_71' title='bbox 251 3861 460 3934; x_wconf 85' lang='lat' dir='ltr'><strong>expansam</strong></span> <span class='ocrx_word' id='word_1_72' title='bbox 480 3839 623 3913; x_wconf 87' lang='lat' dir='ltr'><strong>sensim</strong></span> <span class='ocrx_word' id='word_1_73' title='bbox 639 3846 676 3912; x_wconf 91' lang='lat' dir='ltr'><strong>et</strong></span> <span class='ocrx_word' id='word_1_74' title='bbox 691 3839 932 3934; x_wconf 90' lang='lat' dir='ltr'><strong>aequabiliter</strong></span> <span class='ocrx_word' id='word_1_75' title='bbox 952 3841 1118 3929; x_wconf 87' lang='lat' dir='ltr'><strong>inducas,</strong></span> <span class='ocrx_word' id='word_1_76' title='bbox 1137 3847 1224 3934; x_wconf 89' lang='lat' dir='ltr'><strong>post</strong></span> <span class='ocrx_word' id='word_1_77' title='bbox 1243 3841 1448 3934; x_wconf 91' lang='lat' dir='ltr'><strong>quamlibet</strong></span> 
     </span>
     <span class='ocr_line' id='line_1_22' title="bbox 250 3967 1444 4060; baseline -0.002 -19"><span class='ocrx_word' id='word_1_78' title='bbox 250 3967 504 4042; x_wconf 86' lang='lat' dir='ltr'><strong>inductionem</strong></span> <span class='ocrx_word' id='word_1_79' title='bbox 525 3969 768 4059; x_wconf 85' lang='lat' dir='ltr'><strong>expectando,</strong></span> <span class='ocrx_word' id='word_1_80' title='bbox 799 3967 918 4040; x_wconf 90' lang='lat' dir='ltr'><strong>donec</strong></span> <span class='ocrx_word' id='word_1_81' title='bbox 937 3968 1013 4040; x_wconf 87' lang='lat' dir='ltr'><strong>tela</strong></span> <span class='ocrx_word' id='word_1_82' title='bbox 1030 3969 1180 4060; x_wconf 90' lang='lat' dir='ltr'><strong>penitus</strong></span> <span class='ocrx_word' id='word_1_83' title='bbox 1208 3970 1308 4042; x_wconf 88' lang='lat' dir='ltr'><strong>sicca</strong></span> <span class='ocrx_word' id='word_1_84' title='bbox 1325 3970 1444 4042; x_wconf 85' lang='lat' dir='ltr'><strong>fuerit.</strong></span> 
     </span>
    </p>
   </div>
   <div class='ocr_carea' id='block_1_14' title="bbox 359 4111 1343 4500">
    <p class='ocr_par' dir='ltr' id='par_1_14' title="bbox 359 4111 1343 4500">
     <span class='ocr_line' id='line_1_23' title="bbox 359 4111 1343 4204; baseline -0.001 -18"><span class='ocrx_word' id='word_1_85' title='bbox 359 4113 472 4186; x_wconf 89' lang='lat' dir='ltr'><strong>Telae</strong></span> <span class='ocrx_word' id='word_1_86' title='bbox 493 4111 710 4203; x_wconf 85' lang='lat' dir='ltr'><strong>superficies</strong></span> <span class='ocrx_word' id='word_1_87' title='bbox 731 4113 905 4204; x_wconf 90' lang='lat' dir='ltr'><strong>opposita</strong></span> <span class='ocrx_word' id='word_1_88' title='bbox 922 4111 1098 4186; x_wconf 89' lang='lat' dir='ltr'><strong>illiniatur</strong></span> <span class='ocrx_word' id='word_1_89' title='bbox 1117 4114 1279 4187; x_wconf 86' lang='lat' dir='ltr'><strong>mixtura</strong></span> <span class='ocrx_word' id='word_1_90' title='bbox 1298 4135 1343 4185; x_wconf 85' lang='lat' dir='ltr'><strong>ex</strong></span> 
     </span>
     <span class='ocr_line' id='line_1_24' title="bbox 388 4251 1099 4352; baseline -0.003 -21"><span class='ocrx_word' id='word_1_91' title='bbox 388 4253 559 4333; x_wconf 78' lang='lat' dir='ltr'><strong>&#39;linctum</strong></span> <span class='ocrx_word' id='word_1_92' title='bbox 576 4251 732 4333; x_wconf 76' lang='lat' dir='ltr'><strong>llenots</strong></span> <span class='ocrx_word' id='word_1_93' title='bbox 746 4255 915 4352; x_wconf 75' lang='lat' dir='ltr'><strong>portibus</strong></span> <span class='ocrx_word' id='word_1_94' title='bbox 935 4263 1099 4352; x_wconf 73' lang='lat' dir='ltr'><strong>quotuor,</strong></span> 
     </span>
     <span class='ocr_line' id='line_1_25' title="bbox 389 4400 976 4500; baseline -0.007 -20"><span class='ocrx_word' id='word_1_95' title='bbox 389 4400 543 4482; x_wconf 72' lang='lat' dir='ltr'><strong>latrant</strong></span> <span class='ocrx_word' id='word_1_96' title='bbox 563 4402 754 4481; x_wconf 80' lang='lat' dir='ltr'><strong>l’omvlml</strong></span> <span class='ocrx_word' id='word_1_97' title='bbox 769 4413 873 4500; x_wconf 84' lang='lat' dir='ltr'><strong>porte</strong></span> <span class='ocrx_word' id='word_1_98' title='bbox 892 4425 976 4477; x_wconf 83' lang='lat' dir='ltr'><strong>uno.</strong></span> 
     </span>
    </p>
   </div>
   <div class='ocr_carea' id='block_1_15' title="bbox 251 4550 1446 4778">
    <p class='ocr_par' dir='ltr' id='par_1_15' title="bbox 251 4550 1446 4778">
     <span class='ocr_line' id='line_1_26' title="bbox 359 4550 1446 4644; baseline 0.002 -21"><span class='ocrx_word' id='word_1_99' title='bbox 359 4550 451 4623; x_wconf 90' lang='lat' dir='ltr'><strong>Tela</strong></span> <span class='ocrx_word' id='word_1_100' title='bbox 470 4550 567 4623; x_wconf 89' lang='lat' dir='ltr'><strong>bene</strong></span> <span class='ocrx_word' id='word_1_101' title='bbox 590 4551 730 4624; x_wconf 89' lang='lat' dir='ltr'><strong>siccata</strong></span> <span class='ocrx_word' id='word_1_102' title='bbox 756 4550 793 4622; x_wconf 94' lang='lat' dir='ltr'><strong>in</strong></span> <span class='ocrx_word' id='word_1_103' title='bbox 813 4551 934 4622; x_wconf 85' lang='lat' dir='ltr'><strong>frusta</strong></span> <span class='ocrx_word' id='word_1_104' title='bbox 951 4556 1130 4624; x_wconf 82' lang='lat' dir='ltr'><strong>saccatur.</strong></span> <span class='ocrx_word' id='word_1_105' title='bbox 1165 4552 1341 4644; x_wconf 89' lang='lat' dir='ltr'><strong>Rigidum</strong></span> <span class='ocrx_word' id='word_1_106' title='bbox 1361 4573 1446 4625; x_wconf 83' lang='lat' dir='ltr'><strong>esse</strong></span> 
     </span>
     <span class='ocr_line' id='line_1_27' title="bbox 251 4677 1167 4778; baseline 0 -26"><span class='ocrx_word' id='word_1_107' title='bbox 251 4684 397 4778; x_wconf 87' lang='lat' dir='ltr'><strong>oportet</strong></span> <span class='ocrx_word' id='word_1_108' title='bbox 417 4683 453 4752; x_wconf 89' lang='lat' dir='ltr'><strong>et</strong></span> <span class='ocrx_word' id='word_1_109' title='bbox 471 4678 723 4755; x_wconf 80' lang='lat' dir='ltr'><strong>madefactum</strong></span> <span class='ocrx_word' id='word_1_110' title='bbox 744 4677 818 4756; x_wconf 90' lang='lat' dir='ltr'><strong>cuti</strong></span> <span class='ocrx_word' id='word_1_111' title='bbox 837 4677 933 4754; x_wconf 88' lang='lat' dir='ltr'><strong>bene</strong></span> <span class='ocrx_word' id='word_1_112' title='bbox 953 4677 1167 4754; x_wconf 85' lang='lat' dir='ltr'><strong>adhaereat.</strong></span> 
     </span>
    </p>
   </div>
   <div class='ocr_carea' id='block_1_16' title="bbox 0 0 1804 5534">
    <p class='ocr_par' dir='ltr' id='par_1_16' title="bbox 0 0 1804 5534">
     <span class='ocr_line' id='line_1_28' title="bbox 0 0 1804 5534; baseline 0 0"><span class='ocrx_word' id='word_1_113' title='bbox 0 0 1804 5534; x_wconf 95' lang='lat' dir='ltr'><strong> </strong></span> 
     </span>
    </p>
   </div>
  </div>
 </body>
</html>
