3600 5534
841 570 884 578 -
922 526 1000 598 rar
1032 568 1076 577 -

692 737 869 846 lladix
893 736 1209 847 Zedoariae.

726 985 926 1064 Rhizoma
948 986 1179 1095 Zedoariae.

471 1179 646 1252 Carcumn
669 1180 842 1252 chourio
861 1181 1048 1271 Roscoe,
1069 1182 1198 1274 planta
1211 1181 1397 1273 perennis,
1417 1181 1454 1251 in
1466 1180 1557 1252 Asia

357 1310 499 1400 tropica
519 1308 704 1399 indigena.
727 1306 1002 1405 Zinqideraceae.

465 1437 621 1508 Cormus
642 1435 759 1508 ovalis
779 1441 843 1508 aut
865 1436 1088 1527 pyriformis
1115 1436 1324 1525 annulatus
1351 1457 1418 1527 per
1437 1439 1555 1507 trans-

357 1584 518 1649 versum,
537 1562 725 1634 interdum
744 1584 812 1653 per
831 1564 1099 1653 longitudinem
1119 1568 1244 1634 sectus
1264 1566 1301 1633 et
1320 1562 1493 1634 siccatus.

467 1689 617 1762 Occurit
635 1689 856 1781 plerumque
885 1690 924 1760 in
952 1690 1080 1762 frustis
1111 1690 1382 1763 disciformibus
1413 1690 1555 1761 orbicu-

358 1818 450 1907 latis,
471 1818 519 1889 ad
534 1822 695 1907 quatuor
710 1816 926 1888 centimetra
940 1817 1032 1907 latis
1055 1818 1219 1909 quinque
1241 1815 1288 1888 ad
1309 1817 1437 1889 decern
1452 1817 1557 1888 milli-

355 1951 475 2018 metra
504 1946 649 2032 crassis
680 1943 815 2015 coloris
844 1944 1065 2034 generaliter
1094 1966 1113 2015 e
1143 1945 1266 2035 griseo
1297 1942 1463 2031 subfusci
1494 1946 1558 2014 aut

357 2070 779 2161 subrubescenti-grisei,
798 2070 1029 2143 extrinsecus
1049 2072 1293 2164 peridennate
1320 2069 1558 2142 ochroleuco-

355 2203 587 2274 fuscescente
625 2199 855 2289 singulisque
902 2200 1068 2270 radicum
1118 2198 1332 2289 fragmentis
1370 2196 1558 2288 praeditis,

357 2326 603 2399 crassioribus
622 2326 781 2399 residuis
801 2326 973 2398 foliorum
995 2326 1190 2415 annulatis,
1208 2325 1322 2413 duris,
1337 2310 1375 2396 in
1393 2324 1557 2396 fractura

357 2455 502 2546 aequali
522 2452 660 2541 solidis
681 2452 806 2524 odoris
827 2452 1016 2525 aromatici
1045 2452 1385 2544 subcamplroracei,
1411 2452 1557 2543 saporis

356 2581 556 2667 aromatici,
578 2579 780 2651 subamari.

465 2707 586 2779 Sectio
606 2712 822 2777 transversa
842 2705 1120 2797 albidogrisea,
1141 2706 1351 2779 numerosis
1381 2712 1559 2798 punctata

356 2834 498 2907 cellulis
528 2833 689 2906 ole'iferis
719 2839 755 2903 et
782 2832 968 2904 fasciculis
998 2854 1173 2905 vasorum
1198 2832 1372 2923 disjectis
1400 2838 1557 2905 stratum

357 2968 561 3052 angustum
579 2960 812 3053 perifericum
831 2959 976 3051 probat,
997 2967 1136 3052 aparte
1152 2960 1305 3032 centrali
1322 2961 1446 3051 ampla
1461 2960 1559 3031 linea

356 3088 634 3161 endodermidis
655 3081 778 3158 albida
797 3094 1021 3179 separatum.

468 3216 613 3287 Acetum
635 3215 875 3285 aromaticum.

690 3756 866 3867 Radix
890 3758 1212 3902 zingiberis.

725 3988 922 4065 Rhizoma
946 3988 1175 4091 Zingiberis

464 4196 629 4293 Zioqiber
648 4199 822 4293 officiante
841 4199 1026 4284 Roscoe‚
1048 4200 1177 4291 planta
1195 4199 1380 4289 pereurris,
1405 4200 1443 4270 in
1463 4198 1553 4270 Asia

354 4326 496 4417 tropica
515 4326 696 4415 indigena,
717 4327 854 4398 ibidem
874 4334 985 4420 atque
1005 4328 1042 4398 iu
1062 4326 1142 4398 aliis
1172 4327 1279 4397 terris
1312 4326 1461 4417 tropicis
1481 4326 1551 4396 fre-

354 4456 511 4543 quenter
531 4452 641 4523 culta.
665 4452 939 4548 Zioyiberoccoe.

460 4579 644 4651 erizoma
682 4580 1077 4669 tuberoso-ramosum,
1119 4578 1400 4668 superficialiter
1437 4600 1553 4650 armu-

351 4708 476 4795 latum‚
494 4705 721 4797 depressum,
741 4706 929 4777 radicibus
942 4706 1120 4793 orbatum,
1132 4703 1265 4793 partim
1280 4705 1556 4795 decorticatum,
