3600 5534
828 543 1070 615 —198-

352 782 372 833 e
391 761 496 834 viridi
515 762 664 849 flavum,
684 760 810 833 odoris
822 759 1012 832 aromatici
1022 758 1219 851 peculiaris
1231 763 1268 832 et
1278 758 1382 850 grati,
1404 758 1550 850 saporis

352 888 479 975 amari,
514 885 705 961 aromatici
734 892 771 960 et
798 888 906 974 acriS,
939 886 1117 988 ponderis
1147 906 1247 977 spec.
1277 887 1379 973 0·85‚
1417 907 1550 958 versus

355 1016 455 1087 1700
479 992 641 1089 erunt(

751 1226 935 1334 flleum
961 1224 1150 1335 Ricini.

459 1414 722 1487 Eseminibus
761 1413 883 1485 Riciai
930 1413 1121 1485 comm-unis
1160 1409 1324 1506 (Linn.)
1356 1411 1547 1483 mundatis

353 1541 595 1632 expressione
629 1541 825 1614 obtentum
859 1541 985 1612 oleum
1017 1540 1155 1632 pingue
1190 1544 1249 1612 est
1282 1539 1479 1630 limpidum
1514 1541 1550 1609 et

353 1667 447 1739 adeo
468 1668 623 1756 lentum,
645 1673 686 1741 ut
704 1668 742 1739 in
761 1668 825 1739 fila
845 1666 1007 1740 distrahi
1035 1667 1167 1759 possit,
1202 1667 1355 1739 decolor
1374 1671 1440 1738 aut
1459 1666 1546 1737 sub·

351 1796 501 1883 flavum,
522 1796 669 1888 saporis
689 1794 852 1887 primurn
871 1794 1010 1873 blandi.
1044 1800 1125 1867 tum
1154 1794 1342 1867 inamoeni
1364 1768 1547 1879 sphaeris,

353 1922 478 1994 odoris
507 1944 651 2014 expers,
680 1922 857 2015 ponderis
887 1945 988 2013 spec.
1020 1923 1328 1999 nebo—nero,
1354 1920 1391 2019 in
1419 1921 1551 2012 spiritu

351 2049 427 2121 vini
457 2054 696 2122 concentrato
725 2049 896 2123 facillime
923 2049 1106 2137 solubilis,
1137 2050 1206 2121 sub
1227 2053 1478 2139 temperatura
1497 2050 1546 2118 00

351 2176 518 2249 flacculis
552 2177 775 2267 crystallinis
809 2176 1075 2249 secedentibus
1114 2175 1305 2249 turbidum
1338 2174 1474 2246 evadit.
1509 2172 1549 2247 In

355 2304 484 2375 stratis
505 2304 679 2376 tenuibus
699 2304 799 2376 lente
821 2302 1004 2375 siccescit.

435 2438 438 2444 '
461 2430 593 2503 Oleum
620 2432 732 2504 nimis
759 2431 937 2523 spissum,
967 2430 1161 2501 rancidum
1186 2435 1223 2500 et
1248 2450 1332 2500 acre
1352 2428 1549 2519 rejiciatur.

464 2556 664 2628 Collodium
684 2557 876 2629 elasticum.

753 2786 936 2895 tllcum
960 2786 1146 2895 Besae.

461 2972 595 3048 Oleum
629 2974 848 3070 aethereum
881 2996 901 3047 e
938 2974 1092 3046 floribus
1132 2975 1400 3077 nonnullarum
1438 2974 1550 3046 flosoe

353 3103 573 3194 specierum,
594 3103 631 3174 in
661 3102 836 3193 Balgaria
861 3102 1054 3190 cultarum,
1090 3099 1339 3175 destillatione
1364 3107 1549 3194 paratum,

353 3230 575 3317 flavescens,
588 3230 839 3321 subspissum,
852 3230 924 3301 sub
934 3234 1190 3321 temperatura
1203 3228 1248 3301 tf
1261 3229 1308 3300 ad
1324 3230 1400 3302 15Ο
1415 3229 1549 3301 solide·

353 3376 473 3445 scene,
494 3356 620 3428 odoris
640 3356 925 3448 fragrantissimi
945 3355 1078 3427 florum
1089 3356 1225 3444 Rosae,
1246 3358 1391 3449 saporis
1410 3358 1549 3439 blandi,

352 3483 559 3571 subdulcis,
578 3484 755 3575 ponderis
772 3483 936 3575 specifici
956 3484 1087 3556 0860.
1108 3484 1184 3555 Sub
1199 3489 1454 3576 temperatura
1470 3484 1545 3556 W

352 3610 508 3682 solvitur
541 3610 580 3681 in
613 3610 763 3701 triginta
797 3611 942 3683 circiter
971 3611 1143 3702 partibus
1173 3611 1326 3703 spiritus
1352 3611 1428 3685 vini
1458 3632 1545 3684 con-

354 3738 521 3809 centrati.
543 3736 644 3809 Haec
665 3737 803 3808 solutio
825 3738 992 3810 chartam
1013 3738 1299 3829 exploratoriam
1324 3739 1546 3825 caeruleam,

353 3886 453 3956 aqua
472 3862 727 3937 humectatam
746 3886 793 3935 ne
814 3864 1031 3937 rubefaciat.

461 3993 580 4085 Aqua.
609 3989 826 4086 Urrpuentum
845 3997 1015 4063 rosatum.

681 4221 863 4330 fllcum
890 4222 1210 4331 Rosmacini.

776 4414 917 4493 Oleum
942 4414 1115 4492 Anthos

461 4573 489 4646 E
519 4574 615 4648 foliis
645 4572 860 4646 Rosmarini
888 4578 1071 4664 paratum,
1109 4573 1157 4644 sit
1190 4573 1394 4665 limpidum,
1424 4578 1546 4663 tenue,

353 4704 487 4775 coloris
508 4724 639 4794 expers
659 4702 717 4774 vel
738 4702 956 4791 flavescens,
978 4700 1104 4774 odoris
1115 4700 1330 4773 Rosmarini
1340 4701 1547 4792 peculiaris
