3600 5534
706 536 948 608 *nal-

342 751 508 823 Massam
528 752 704 825 siccatam
724 754 877 827 immitte
898 756 936 825 in
956 753 1195 840 crucibulum,
1217 755 1317 845 quod
1337 756 1432 826 bene

236 885 382 965 tectum,
393 879 439 959 ad
451 878 788 954 incandescentiam
809 882 963 965 calefiat,
985 880 1161 973 quamdiu
1176 882 1430 972 parsemedio

235 1028 382 1079 massae
403 1010 584 1098 exempta,
604 1008 710 1079 acido
731 1008 852 1082 affuso
873 1009 1090 1082 effervescit.

344 1134 517 1225 Oxydrnn
535 1133 691 1225 ignitum
709 1136 747 1207 in
766 1136 958 1228 pulverem
975 1136 1167 1208 redactum
1186 1135 1224 1207 in
1235 1156 1325 1207 vase
1337 1137 1432 1207 bene

236 1262 363 1335 clauso
384 1280 502 1334 serva.

344 1386 398 1462 Sit
414 1388 536 1481 pulvis
552 1388 672 1477 albuS,
694 1388 851 1477 subtilis
871 1391 1029 1461 duranto
1050 1389 1224 1480 ignitione
1245 1390 1375 1474 flavus,
1395 1388 1432 1459 in

234 1516 348 1590 acidis
383 1516 462 1587 sine
496 1515 780 1588 effervescentia
818 1516 998 1589 solubilis
1037 1515 1190 1604 Solutio,
1230 1537 1300 1608 ope
1339 1515 1432 1587 acidi

234 1642 360 1717 arctici
393 1641 535 1731 effecta,
570 1664 668 1735 aqua
696 1643 999 1735 hydrosulfurata
1027 1642 1311 1737 praecipitatum
1339 1665 1432 1735 pure

234 1773 360 1844 album
380 1770 557 1856 demittat,
578 1771 765 1843 ammonia
785 1772 932 1844 abunde
947 1769 1095 1859 adjecta
1107 1770 1262 1863 limpida
1273 1775 1432 1858 maneat,

234 1898 421 1972 ammonio
442 1900 584 1971 oxalico
596 1898 790 1971 autnatrio
806 1898 1061 1990 phosphorico
1081 1920 1129 1969 ne
1148 1898 1329 1971 turbetur.

341 2026 467 2099 Pulvis
487 2025 590 2099 Zinci
610 2024 761 2117 oxydati
781 2046 866 2097 cum
886 2047 985 2116 aqua
1014 2024 1200 2098 destillata
1228 2033 1431 2118 quassatus

233 2155 418 2247 liquorem
432 2154 619 2247 praebeat,
637 2154 700 2245 qui
714 2152 873 2225 filtratus
895 2159 931 2223 et
952 2157 1176 2244 evaporatus
1195 2152 1271 2226 fere
1287 2154 1432 2227 nullum

234 2281 426 2355 residuum
445 2280 628 2372 relinquit.

379 2533 728 2645 lincam·
764 2531 1293 2670 sarmatorum.

344 2718 515 2810 Crystalli
534 2716 781 2809 prismaticae,
802 2717 1007 2803 decolores
1027 2716 1103 2788 ae‘ri
1123 2716 1222 2788 sicco
1244 2718 1433 2809 expositae

233 2848 333 2920 lente
343 2847 570 2932 fatiscentes,
580 2844 619 2915 in
630 2865 729 2934 aqua
738 2844 909 2916 facillime
921 2843 1111 2915 solubiles.
1126 2844 1268 2917 Solutio
1280 2866 1435 2936 aquosa,

233 2974 432 3048 reactionis
449 2972 589 3061 acidae,
601 2971 726 3044 addito
738 2972 853 3062 baryo
865 2970 995 3043 uitrico
1006 2972 1287 3063 praecipitatum
1298 2972 1435 3062 album,

234 3102 272 3174 in
310 3100 424 3173 acidis
461 3099 659 3172 insolubile
698 3097 873 3183 demittit,
912 3098 1073 3170 nauium
1111 3097 1436 3189 lrydrooxydatum

235 3227 516 3321 praecipitatum
536 3226 670 3315 album,
691 3225 729 3296 in
751 3225 952 3298 excedente
967 3231 1141 3315 reagente
1157 3224 1314 3297 solubile
1325 3226 1436 3298 efficit

235 3360 272 3428 et
290 3375 336 3426 ex
354 3354 425 3427 hac
442 3353 626 3426 solutione
637 3352 1203 3444 aquahydrosulfuratazincum
1214 3353 1435 3426 sulfuratum

238 3480 372 3554 coloris
392 3480 464 3552 albi
484 3480 693 3572 deponitur.

345 3606 486 3680 Solutio
504 3629 648 3699 aquosa
668 3607 715 3678 sit
731 3606 882 3679 decolor
897 3627 977 3695 nec,
995 3606 1100 3679 acido
1119 3607 1294 3680 sulfurico
1311 3607 1433 3681 acidu-

236 3737 321 3825 lata,
355 3756 453 3826 aqua
485 3734 787 3826 hydrosnlfurata
823 3734 1003 3821 turbetur,
1040 3756 1110 3807 nec
1148 3734 1253 3806 acido
1286 3736 1434 3806 tannico

238 3862 410 3949 admixto,
441 3862 602 3933 colorem
628 3864 942 3933 atramentaceum
961 3862 1099 3953 induat,
1127 3882 1196 3934 nec
1222 3861 1435 3933 abundante

238 3989 424 4062 ammonia
452 3988 731 4080 praecipitatum
769 3988 941 4077 deponat.
971 3988 1216 4081 superaddito
1246 3987 1434 4060 ammonio

239 4116 417 4189 sulfurato
454 4113 636 4206 liquorem
668 4114 856 4206 praebeat,
891 4114 954 4204 qui
987 4136 1010 4185 a
1038 4114 1247 4188 sedimento
1275 4115 1433 4187 filtratus

239 4242 499 4335 evaporatione
519 4245 556 4311 et
573 4240 748 4331 ignitione
767 4241 958 4313 residuum
976 4243 1119 4314 nullum
1137 4242 1319 4334 relinquit.

344 4368 387 4440 In
406 4371 587 4460 apparatu
620 4367 770 4439 Marshii
799 4372 992 4455 tentatum,
1020 4390 1068 4439 ne
1096 4369 1252 4461 vestigia
1276 4368 1435 4441 arsenici

237 4495 381 4589 prodat.

353 4621 544 4719 Collyrium
564 4617 785 4717 adstrinpcns
805 4621 944 4694 tubam.
