<?xml version="1.0" encoding="UTF-8"?>
<!DOCTYPE html PUBLIC "-//W3C//DTD XHTML 1.0 Transitional//EN"
    "http://www.w3.org/TR/xhtml1/DTD/xhtml1-transitional.dtd">
<html xmlns="http://www.w3.org/1999/xhtml" xml:lang="en" lang="en">
 <head>
  <title>
</title>
<meta http-equiv="Content-Type" content="text/html;charset=utf-8" />
  <meta name='ocr-system' content='tesseract 3.04.00' />
  <meta name='ocr-capabilities' content='ocr_page ocr_carea ocr_par ocr_line ocrx_word'/>
</head>
<body>
  <div class='ocr_page' id='page_1' title='image "./pharmacopoeaaus01unkngoog_0208.png"; bbox 0 0 3600 5534; ppageno 0'>
   <div class='ocr_carea' id='block_1_1' title="bbox 881 514 1121 589">
    <p class='ocr_par' dir='ltr' id='par_1_1' title="bbox 881 514 1121 589">
     <span class='ocr_line' id='line_1_1' title="bbox 881 514 1121 589; baseline 0.017 -4"><span class='ocrx_word' id='word_1_1' title='bbox 881 514 1121 589; x_wconf 83' lang='lat'>-176-</span> 
     </span>
    </p>
   </div>
   <div class='ocr_carea' id='block_1_2' title="bbox 398 732 1596 934">
    <p class='ocr_par' dir='ltr' id='par_1_2' title="bbox 398 732 1596 934">
     <span class='ocr_line' id='line_1_2' title="bbox 398 732 1596 828; baseline 0.002 -24"><span class='ocrx_word' id='word_1_2' title='bbox 398 732 527 805; x_wconf 90' lang='lat' dir='ltr'>monia</span> <span class='ocrx_word' id='word_1_3' title='bbox 544 737 686 826; x_wconf 88' lang='lat' dir='ltr'>parata,</span> <span class='ocrx_word' id='word_1_4' title='bbox 706 733 827 806; x_wconf 79' lang='lat' dir='ltr'>nutrio</span> <span class='ocrx_word' id='word_1_5' title='bbox 847 733 1073 828; x_wconf 82' lang='lat' dir='ltr'>phosporioo</span> <span class='ocrx_word' id='word_1_6' title='bbox 1096 734 1346 808; x_wconf 87' lang='lat' dir='ltr'>sedimeutum</span> <span class='ocrx_word' id='word_1_7' title='bbox 1371 734 1500 808; x_wconf 90' lang='lat' dir='ltr'>album</span> <span class='ocrx_word' id='word_1_8' title='bbox 1518 754 1596 827; x_wconf 86' lang='lat' dir='ltr'>ery-</span> 
     </span>
     <span class='ocr_line' id='line_1_3' title="bbox 399 860 780 934; baseline 0.005 -2"><span class='ocrx_word' id='word_1_9' title='bbox 399 860 591 933; x_wconf 87' lang='lat' dir='ltr'>stallinum</span> <span class='ocrx_word' id='word_1_10' title='bbox 611 860 780 934; x_wconf 90' lang='lat' dir='ltr'>demittit.</span> 
     </span>
    </p>
   </div>
   <div class='ocr_carea' id='block_1_3' title="bbox 400 1025 1600 1227">
    <p class='ocr_par' dir='ltr' id='par_1_3' title="bbox 400 1025 1600 1227">
     <span class='ocr_line' id='line_1_4' title="bbox 509 1025 1600 1121; baseline 0.001 -24"><span class='ocrx_word' id='word_1_11' title='bbox 509 1025 705 1099; x_wconf 78' lang='lat' dir='ltr'>Caeterum</span> <span class='ocrx_word' id='word_1_12' title='bbox 730 1047 772 1098; x_wconf 91' lang='lat' dir='ltr'>se</span> <span class='ocrx_word' id='word_1_13' title='bbox 792 1048 880 1118; x_wconf 82' lang='lat' dir='ltr'>erga</span> <span class='ocrx_word' id='word_1_14' title='bbox 898 1028 1090 1118; x_wconf 84' lang='lat' dir='ltr'>reagentia</span> <span class='ocrx_word' id='word_1_15' title='bbox 1109 1028 1287 1121; x_wconf 85' lang='lat' dir='ltr'>praebeat</span> <span class='ocrx_word' id='word_1_16' title='bbox 1306 1031 1347 1100; x_wconf 94' lang='lat' dir='ltr'>ut</span> <span class='ocrx_word' id='word_1_17' title='bbox 1365 1026 1600 1118; x_wconf 79' lang='lat' dir='ltr'>Magnesium</span> 
     </span>
     <span class='ocr_line' id='line_1_5' title="bbox 400 1153 648 1227; baseline 0.012 -3"><span class='ocrx_word' id='word_1_18' title='bbox 400 1153 648 1227; x_wconf 82' lang='lat' dir='ltr'>carbonicum.</span> 
     </span>
    </p>
   </div>
   <div class='ocr_carea' id='block_1_4' title="bbox 394 1316 1599 2174">
    <p class='ocr_par' dir='ltr' id='par_1_4' title="bbox 394 1316 1599 1917">
     <span class='ocr_line' id='line_1_6' title="bbox 507 1316 1598 1413; baseline -0.002 -25"><span class='ocrx_word' id='word_1_19' title='bbox 507 1318 721 1409; x_wconf 81' lang='lat' dir='ltr'>Magnesiae</span> <span class='ocrx_word' id='word_1_20' title='bbox 751 1323 854 1390; x_wconf 86' lang='lat' dir='ltr'>ustae</span> <span class='ocrx_word' id='word_1_21' title='bbox 883 1318 1080 1391; x_wconf 89' lang='lat' dir='ltr'>minimum</span> <span class='ocrx_word' id='word_1_22' title='bbox 1102 1324 1303 1413; x_wconf 66' lang='lat' dir='ltr'>praeamata</span> <span class='ocrx_word' id='word_1_23' title='bbox 1332 1323 1466 1389; x_wconf 79' lang='lat' dir='ltr'>centum</span> <span class='ocrx_word' id='word_1_24' title='bbox 1497 1316 1598 1412; x_wconf 67' lang='lat' dir='ltr'>quio</span> 
     </span>
     <span class='ocr_line' id='line_1_7' title="bbox 398 1442 1599 1540; baseline 0.001 -27"><span class='ocrx_word' id='word_1_25' title='bbox 398 1444 571 1540; x_wconf 77' lang='lat' dir='ltr'>quapinta</span> <span class='ocrx_word' id='word_1_26' title='bbox 601 1445 710 1535; x_wconf 78' lang='lat'>(150)</span> <span class='ocrx_word' id='word_1_27' title='bbox 747 1466 896 1537; x_wconf 86' lang='lat' dir='ltr'>semper</span> <span class='ocrx_word' id='word_1_28' title='bbox 928 1450 1102 1540; x_wconf 87' lang='lat' dir='ltr'>prompta</span> <span class='ocrx_word' id='word_1_29' title='bbox 1136 1445 1221 1517; x_wconf 87' lang='lat' dir='ltr'>sint.</span> <span class='ocrx_word' id='word_1_30' title='bbox 1258 1444 1366 1537; x_wconf 81' lang='lat' dir='ltr'>Aptis</span> <span class='ocrx_word' id='word_1_31' title='bbox 1395 1442 1599 1517; x_wconf 86' lang='lat' dir='ltr'>intervallis</span> 
     </span>
     <span class='ocr_line' id='line_1_8' title="bbox 398 1570 1598 1663; baseline 0.001 -22"><span class='ocrx_word' id='word_1_32' title='bbox 398 1570 621 1662; x_wconf 84' lang='lat' dir='ltr'>exploretur,</span> <span class='ocrx_word' id='word_1_33' title='bbox 642 1593 733 1645; x_wconf 89' lang='lat' dir='ltr'>num</span> <span class='ocrx_word' id='word_1_34' title='bbox 762 1572 868 1645; x_wconf 84' lang='lat' dir='ltr'>acido</span> <span class='ocrx_word' id='word_1_35' title='bbox 896 1572 1181 1663; x_wconf 80' lang='lat' dir='ltr'>hydrochlorico</span> <span class='ocrx_word' id='word_1_36' title='bbox 1211 1571 1338 1644; x_wconf 89' lang='lat' dir='ltr'>addito</span> <span class='ocrx_word' id='word_1_37' title='bbox 1369 1570 1598 1657; x_wconf 83' lang='lat' dir='ltr'>effervescat,</span> 
     </span>
     <span class='ocr_line' id='line_1_9' title="bbox 399 1697 1598 1791; baseline -0.001 -21"><span class='ocrx_word' id='word_1_38' title='bbox 399 1698 499 1790; x_wconf 85' lang='lat' dir='ltr'>quod</span> <span class='ocrx_word' id='word_1_39' title='bbox 530 1699 561 1770; x_wconf 89' lang='lat' dir='ltr'>si</span> <span class='ocrx_word' id='word_1_40' title='bbox 591 1698 795 1787; x_wconf 85' lang='lat' dir='ltr'>accidisset,</span> <span class='ocrx_word' id='word_1_41' title='bbox 825 1706 1087 1791; x_wconf 85' lang='lat' dir='ltr'>praeparatum</span> <span class='ocrx_word' id='word_1_42' title='bbox 1113 1700 1280 1773; x_wconf 85' lang='lat' dir='ltr'>modicae</span> <span class='ocrx_word' id='word_1_43' title='bbox 1308 1697 1477 1790; x_wconf 77' lang='lat' dir='ltr'>ignitioni</span> <span class='ocrx_word' id='word_1_44' title='bbox 1507 1698 1598 1770; x_wconf 89' lang='lat' dir='ltr'>sub·</span> 
     </span>
     <span class='ocr_line' id='line_1_10' title="bbox 394 1826 551 1917; baseline -0.013 -18"><span class='ocrx_word' id='word_1_45' title='bbox 394 1826 551 1917; x_wconf 89' lang='lat' dir='ltr'>jiciatur.</span> 
     </span>
    </p>

    <p class='ocr_par' dir='ltr' id='par_1_5' title="bbox 398 1958 1597 2174">
     <span class='ocr_line' id='line_1_11' title="bbox 507 1958 1597 2065; baseline 0.002 -23"><span class='ocrx_word' id='word_1_46' title='bbox 507 1958 663 2043; x_wconf 83' lang='lat' dir='ltr'>lnservit</span> <span class='ocrx_word' id='word_1_47' title='bbox 696 1993 795 2063; x_wconf 85' lang='lat' dir='ltr'>aqua</span> <span class='ocrx_word' id='word_1_48' title='bbox 828 1972 955 2065; x_wconf 89' lang='lat' dir='ltr'>tepida</span> <span class='ocrx_word' id='word_1_49' title='bbox 989 1971 1148 2044; x_wconf 85' lang='lat' dir='ltr'>mixtum</span> <span class='ocrx_word' id='word_1_50' title='bbox 1182 1993 1256 2064; x_wconf 88' lang='lat' dir='ltr'>qua</span> <span class='ocrx_word' id='word_1_51' title='bbox 1288 1968 1495 2047; x_wconf 77' lang='lat' dir='ltr'>lntiletun</span> <span class='ocrx_word' id='word_1_52' title='bbox 1529 1967 1597 2045; x_wconf 83' lang='lat' dir='ltr'>lr-</span> 
     </span>
     <span class='ocr_line' id='line_1_12' title="bbox 398 2094 616 2174; baseline 0 -1"><span class='ocrx_word' id='word_1_53' title='bbox 398 2096 512 2174; x_wconf 77' lang='lat' dir='ltr'>reniei</span> <span class='ocrx_word' id='word_1_54' title='bbox 531 2094 616 2174; x_wconf 74' lang='lat' dir='ltr'>alil.</span> 
     </span>
    </p>
   </div>
   <div class='ocr_carea' id='block_1_5' title="bbox 513 2491 1340 2635">
    <p class='ocr_par' dir='ltr' id='par_1_6' title="bbox 513 2491 1340 2635">
     <span class='ocr_line' id='line_1_13' title="bbox 513 2491 1340 2635; baseline 0 -35"><span class='ocrx_word' id='word_1_55' title='bbox 513 2607 516 2613; x_wconf 64' lang='grc'><strong>,</strong></span> <span class='ocrx_word' id='word_1_56' title='bbox 639 2492 983 2635; x_wconf 79' lang='lat' dir='ltr'>Magnesium</span> <span class='ocrx_word' id='word_1_57' title='bbox 1009 2491 1340 2601; x_wconf 78' lang='lat' dir='ltr'>sulfurioum.</span> 
     </span>
    </p>
   </div>
   <div class='ocr_carea' id='block_1_6' title="bbox 860 2755 1131 2837">
    <p class='ocr_par' dir='ltr' id='par_1_7' title="bbox 860 2755 1131 2837">
     <span class='ocr_line' id='line_1_14' title="bbox 860 2755 1131 2837; baseline 0.004 -2"><span class='ocrx_word' id='word_1_58' title='bbox 860 2755 927 2835; x_wconf 86' lang='lat' dir='ltr'>Sal</span> <span class='ocrx_word' id='word_1_59' title='bbox 956 2781 1131 2837; x_wconf 81' lang='lat' dir='ltr'>amarus</span> 
     </span>
    </p>
   </div>
   <div class='ocr_carea' id='block_1_7' title="bbox 396 2988 1600 3719">
    <p class='ocr_par' dir='ltr' id='par_1_8' title="bbox 396 2988 1600 3719">
     <span class='ocr_line' id='line_1_15' title="bbox 505 2988 1596 3084; baseline -0.003 -20"><span class='ocrx_word' id='word_1_60' title='bbox 505 2990 718 3084; x_wconf 76' lang='lat' dir='ltr'>crystalluli</span> <span class='ocrx_word' id='word_1_61' title='bbox 746 2988 995 3081; x_wconf 86' lang='lat' dir='ltr'>prismaticae,</span> <span class='ocrx_word' id='word_1_62' title='bbox 1035 2990 1152 3079; x_wconf 79' lang='lat' dir='ltr'>albae,</span> <span class='ocrx_word' id='word_1_63' title='bbox 1179 2988 1216 3061; x_wconf 88' lang='lat' dir='ltr'>in</span> <span class='ocrx_word' id='word_1_64' title='bbox 1243 2994 1328 3061; x_wconf 77' lang='lat' dir='ltr'>aere</span> <span class='ocrx_word' id='word_1_65' title='bbox 1353 3009 1486 3081; x_wconf 84' lang='lat' dir='ltr'>parurn</span> <span class='ocrx_word' id='word_1_66' title='bbox 1513 2988 1596 3061; x_wconf 84' lang='lat' dir='ltr'>fati-</span> 
     </span>
     <span class='ocr_line' id='line_1_16' title="bbox 397 3116 1596 3211; baseline -0.003 -20"><span class='ocrx_word' id='word_1_67' title='bbox 397 3124 557 3208; x_wconf 84' lang='lat' dir='ltr'>scentes,</span> <span class='ocrx_word' id='word_1_68' title='bbox 575 3140 675 3211; x_wconf 87' lang='lat' dir='ltr'>aqua</span> <span class='ocrx_word' id='word_1_69' title='bbox 689 3118 822 3210; x_wconf 80' lang='lat' dir='ltr'>frigida</span> <span class='ocrx_word' id='word_1_70' title='bbox 830 3116 1004 3189; x_wconf 86' lang='lat' dir='ltr'>facillime</span> <span class='ocrx_word' id='word_1_71' title='bbox 1015 3118 1202 3190; x_wconf 81' lang='lat' dir='ltr'>solubiles,</span> <span class='ocrx_word' id='word_1_72' title='bbox 1219 3116 1360 3190; x_wconf 91' lang='lat' dir='ltr'>Solutio</span> <span class='ocrx_word' id='word_1_73' title='bbox 1371 3138 1529 3210; x_wconf 88' lang='lat' dir='ltr'>aquosa,</span> <span class='ocrx_word' id='word_1_74' title='bbox 1540 3138 1596 3189; x_wconf 90' lang='lat' dir='ltr'>re-</span> 
     </span>
     <span class='ocr_line' id='line_1_17' title="bbox 396 3244 1598 3336; baseline 0 -18"><span class='ocrx_word' id='word_1_75' title='bbox 396 3248 554 3320; x_wconf 83' lang='lat' dir='ltr'>aetionis</span> <span class='ocrx_word' id='word_1_76' title='bbox 568 3246 750 3334; x_wconf 64' lang='lat' dir='ltr'>neutrius</span> <span class='ocrx_word' id='word_1_77' title='bbox 768 3244 895 3318; x_wconf 85' lang='lat' dir='ltr'>addito</span> <span class='ocrx_word' id='word_1_78' title='bbox 910 3244 1026 3336; x_wconf 66' lang='lat' dir='ltr'>hamo</span> <span class='ocrx_word' id='word_1_79' title='bbox 1040 3245 1171 3317; x_wconf 83' lang='lat' dir='ltr'>nitrico</span> <span class='ocrx_word' id='word_1_80' title='bbox 1190 3244 1441 3317; x_wconf 85' lang='lat' dir='ltr'>sedimentum</span> <span class='ocrx_word' id='word_1_81' title='bbox 1457 3245 1598 3334; x_wconf 86' lang='lat' dir='ltr'>album,</span> 
     </span>
     <span class='ocr_line' id='line_1_18' title="bbox 396 3370 1598 3465; baseline -0.001 -19"><span class='ocrx_word' id='word_1_82' title='bbox 396 3374 434 3447; x_wconf 93' lang='lat' dir='ltr'>in</span> <span class='ocrx_word' id='word_1_83' title='bbox 454 3375 568 3447; x_wconf 85' lang='lat' dir='ltr'>acidis</span> <span class='ocrx_word' id='word_1_84' title='bbox 587 3372 782 3447; x_wconf 86' lang='lat' dir='ltr'>insolubile</span> <span class='ocrx_word' id='word_1_85' title='bbox 803 3371 971 3459; x_wconf 88' lang='lat' dir='ltr'>demittit,</span> <span class='ocrx_word' id='word_1_86' title='bbox 997 3394 1068 3445; x_wconf 89' lang='lat' dir='ltr'>nee</span> <span class='ocrx_word' id='word_1_87' title='bbox 1093 3393 1170 3445; x_wconf 91' lang='lat' dir='ltr'>non</span> <span class='ocrx_word' id='word_1_88' title='bbox 1195 3370 1317 3445; x_wconf 88' lang='lat' dir='ltr'>natrio</span> <span class='ocrx_word' id='word_1_89' title='bbox 1337 3371 1598 3465; x_wconf 88' lang='lat' dir='ltr'>phosphorico</span> 
     </span>
     <span class='ocr_line' id='line_1_19' title="bbox 396 3489 1600 3595; baseline -0.001 -22"><span class='ocrx_word' id='word_1_90' title='bbox 396 3507 597 3595; x_wconf 80' lang='lat' dir='ltr'>praesente</span> <span class='ocrx_word' id='word_1_91' title='bbox 623 3499 812 3572; x_wconf 88' lang='lat' dir='ltr'>ammonio</span> <span class='ocrx_word' id='word_1_92' title='bbox 838 3489 1007 3571; x_wconf 83' lang='lat' dir='ltr'>chlorato</span> <span class='ocrx_word' id='word_1_93' title='bbox 1034 3504 1070 3571; x_wconf 91' lang='lat' dir='ltr'>et</span> <span class='ocrx_word' id='word_1_94' title='bbox 1096 3500 1286 3573; x_wconf 88' lang='lat' dir='ltr'>ammonia</span> <span class='ocrx_word' id='word_1_95' title='bbox 1310 3498 1600 3592; x_wconf 86' lang='lat' dir='ltr'>praecipitatum</span> 
     </span>
     <span class='ocr_line' id='line_1_20' title="bbox 397 3627 833 3719; baseline -0.007 -18"><span class='ocrx_word' id='word_1_96' title='bbox 397 3627 653 3719; x_wconf 87' lang='lat' dir='ltr'>crystallinum</span> <span class='ocrx_word' id='word_1_97' title='bbox 667 3628 833 3719; x_wconf 89' lang='lat' dir='ltr'>praebet.</span> 
     </span>
    </p>
   </div>
   <div class='ocr_carea' id='block_1_8' title="bbox 391 3771 1602 4228">
    <p class='ocr_par' dir='ltr' id='par_1_9' title="bbox 391 3771 1602 4228">
     <span class='ocr_line' id='line_1_21' title="bbox 508 3771 1601 3864; baseline -0.002 -19"><span class='ocrx_word' id='word_1_98' title='bbox 508 3773 649 3845; x_wconf 87' lang='lat' dir='ltr'>Solutio</span> <span class='ocrx_word' id='word_1_99' title='bbox 670 3793 818 3864; x_wconf 88' lang='lat' dir='ltr'>aquosa</span> <span class='ocrx_word' id='word_1_100' title='bbox 836 3795 905 3846; x_wconf 88' lang='lat' dir='ltr'>neo</span> <span class='ocrx_word' id='word_1_101' title='bbox 925 3794 1026 3864; x_wconf 86' lang='lat' dir='ltr'>aqua</span> <span class='ocrx_word' id='word_1_102' title='bbox 1041 3771 1601 3863; x_wconf 84' lang='lat' dir='ltr'>hydrosulfurata,necadjeotis</span> 
     </span>
     <span class='ocr_line' id='line_1_22' title="bbox 399 3898 1598 3988; baseline -0.003 -14"><span class='ocrx_word' id='word_1_103' title='bbox 399 3902 588 3974; x_wconf 90' lang='lat' dir='ltr'>ammonio</span> <span class='ocrx_word' id='word_1_104' title='bbox 608 3900 778 3972; x_wconf 86' lang='lat' dir='ltr'>chlorato</span> <span class='ocrx_word' id='word_1_105' title='bbox 804 3905 841 3972; x_wconf 90' lang='lat' dir='ltr'>et</span> <span class='ocrx_word' id='word_1_106' title='bbox 859 3900 1061 3988; x_wconf 88' lang='lat' dir='ltr'>ammonia,</span> <span class='ocrx_word' id='word_1_107' title='bbox 1087 3898 1277 3973; x_wconf 90' lang='lat' dir='ltr'>ammonio</span> <span class='ocrx_word' id='word_1_108' title='bbox 1305 3899 1489 3973; x_wconf 79' lang='lat' dir='ltr'>sulfurato</span> <span class='ocrx_word' id='word_1_109' title='bbox 1516 3920 1598 3971; x_wconf 91' lang='lat' dir='ltr'>mu-</span> 
     </span>
     <span class='ocr_line' id='line_1_23' title="bbox 391 4025 1602 4118; baseline 0.001 -20"><span class='ocrx_word' id='word_1_110' title='bbox 391 4033 512 4115; x_wconf 82' lang='lat' dir='ltr'>tetur3</span> <span class='ocrx_word' id='word_1_111' title='bbox 540 4029 672 4100; x_wconf 89' lang='lat' dir='ltr'>eadem</span> <span class='ocrx_word' id='word_1_112' title='bbox 693 4026 799 4098; x_wconf 83' lang='lat' dir='ltr'>acido</span> <span class='ocrx_word' id='word_1_113' title='bbox 825 4027 957 4101; x_wconf 86' lang='lat' dir='ltr'>nitrioo</span> <span class='ocrx_word' id='word_1_114' title='bbox 989 4025 1177 4100; x_wconf 87' lang='lat' dir='ltr'>acidulata</span> <span class='ocrx_word' id='word_1_115' title='bbox 1205 4031 1360 4118; x_wconf 83' lang='lat' dir='ltr'>argento</span> <span class='ocrx_word' id='word_1_116' title='bbox 1380 4026 1511 4100; x_wconf 85' lang='lat' dir='ltr'>nitrico</span> <span class='ocrx_word' id='word_1_117' title='bbox 1538 4026 1602 4099; x_wconf 84' lang='lat' dir='ltr'>vix</span> 
     </span>
     <span class='ocr_line' id='line_1_24' title="bbox 400 4157 579 4228; baseline -0.006 0"><span class='ocrx_word' id='word_1_118' title='bbox 400 4157 579 4228; x_wconf 86' lang='lat' dir='ltr'>turbetur.</span> 
     </span>
    </p>
   </div>
   <div class='ocr_carea' id='block_1_9' title="bbox 401 4300 1602 4776">
    <p class='ocr_par' dir='ltr' id='par_1_10' title="bbox 401 4300 1602 4776">
     <span class='ocr_line' id='line_1_25' title="bbox 509 4300 1601 4394; baseline 0.001 -21"><span class='ocrx_word' id='word_1_119' title='bbox 509 4302 744 4393; x_wconf 77' lang='lat' dir='ltr'>Magnesiam</span> <span class='ocrx_word' id='word_1_120' title='bbox 763 4302 985 4375; x_wconf 85' lang='lat' dir='ltr'>sulfurieum</span> <span class='ocrx_word' id='word_1_121' title='bbox 1000 4323 1086 4374; x_wconf 88' lang='lat' dir='ltr'>eum</span> <span class='ocrx_word' id='word_1_122' title='bbox 1102 4323 1202 4394; x_wconf 86' lang='lat' dir='ltr'>aqua</span> <span class='ocrx_word' id='word_1_123' title='bbox 1217 4306 1254 4373; x_wconf 91' lang='lat' dir='ltr'>et</span> <span class='ocrx_word' id='word_1_124' title='bbox 1266 4301 1383 4393; x_wconf 85' lang='lat' dir='ltr'>baryo</span> <span class='ocrx_word' id='word_1_125' title='bbox 1400 4300 1601 4374; x_wconf 87' lang='lat' dir='ltr'>carbonico</span> 
     </span>
     <span class='ocr_line' id='line_1_26' title="bbox 403 4428 1602 4522; baseline 0 -22"><span class='ocrx_word' id='word_1_126' title='bbox 403 4429 603 4502; x_wconf 83' lang='lat' dir='ltr'>excedente</span> <span class='ocrx_word' id='word_1_127' title='bbox 628 4436 776 4503; x_wconf 87' lang='lat' dir='ltr'>coetum</span> <span class='ocrx_word' id='word_1_128' title='bbox 799 4430 984 4522; x_wconf 86' lang='lat' dir='ltr'>liquorem</span> <span class='ocrx_word' id='word_1_129' title='bbox 1008 4428 1195 4520; x_wconf 89' lang='lat' dir='ltr'>praebeat,</span> <span class='ocrx_word' id='word_1_130' title='bbox 1217 4430 1280 4521; x_wconf 86' lang='lat' dir='ltr'>qui</span> <span class='ocrx_word' id='word_1_131' title='bbox 1298 4429 1460 4502; x_wconf 83' lang='lat' dir='ltr'>filtratus</span> <span class='ocrx_word' id='word_1_132' title='bbox 1490 4433 1528 4502; x_wconf 87' lang='lat' dir='ltr'>et</span> <span class='ocrx_word' id='word_1_133' title='bbox 1552 4428 1602 4501; x_wconf 91' lang='lat' dir='ltr'>ad</span> 
     </span>
     <span class='ocr_line' id='line_1_27' title="bbox 402 4555 1600 4651; baseline 0 -22"><span class='ocrx_word' id='word_1_134' title='bbox 402 4558 543 4629; x_wconf 83' lang='lat' dir='ltr'>siccum</span> <span class='ocrx_word' id='word_1_135' title='bbox 564 4561 801 4651; x_wconf 73' lang='lat' dir='ltr'>evaporatus</span> <span class='ocrx_word' id='word_1_136' title='bbox 820 4556 1014 4629; x_wconf 87' lang='lat' dir='ltr'>residuum</span> <span class='ocrx_word' id='word_1_137' title='bbox 1035 4578 1136 4648; x_wconf 85' lang='lat' dir='ltr'>aqua</span> <span class='ocrx_word' id='word_1_138' title='bbox 1155 4556 1324 4646; x_wconf 88' lang='lat' dir='ltr'>solubile,</span> <span class='ocrx_word' id='word_1_139' title='bbox 1347 4555 1526 4630; x_wconf 88' lang='lat' dir='ltr'>alcalinae</span> <span class='ocrx_word' id='word_1_140' title='bbox 1545 4576 1600 4629; x_wconf 93' lang='lat' dir='ltr'>re-</span> 
     </span>
     <span class='ocr_line' id='line_1_28' title="bbox 401 4684 843 4776; baseline -0.002 -19"><span class='ocrx_word' id='word_1_141' title='bbox 401 4684 559 4757; x_wconf 87' lang='lat' dir='ltr'>actionis</span> <span class='ocrx_word' id='word_1_142' title='bbox 579 4706 627 4758; x_wconf 87' lang='lat' dir='ltr'>ne</span> <span class='ocrx_word' id='word_1_143' title='bbox 646 4684 843 4776; x_wconf 88' lang='lat' dir='ltr'>relinquat.</span> 
     </span>
    </p>
   </div>
   <div class='ocr_carea' id='block_1_10' title="bbox 0 0 1817 5534">
    <p class='ocr_par' dir='ltr' id='par_1_11' title="bbox 0 0 1817 5534">
     <span class='ocr_line' id='line_1_29' title="bbox 0 0 1817 5534; baseline 0 0"><span class='ocrx_word' id='word_1_144' title='bbox 0 0 1817 5534; x_wconf 95' lang='lat' dir='ltr'> </span> 
     </span>
    </p>
   </div>
  </div>
 </body>
</html>
