3600 5534
725 524 969 597 -259-

351 740 463 814 Gutta
488 740 686 815 solutionis
716 741 843 814 acidae
872 740 910 813 in
939 742 1079 815 lamina
1106 742 1271 835 platinea
1291 744 1440 833 stillata,

242 867 387 957 adjecto
412 869 569 960 granulo
593 868 687 943 zinci
710 868 887 941 metallici
911 869 1009 941 hanc
1037 871 1185 945 macula
1212 871 1320 963 nigra
1345 873 1438 945 anti·

240 995 365 1069 monio
386 995 541 1069 reducto
561 996 757 1069 efformata
776 995 939 1069 obducit.

312 1282 910 1420 Sdmohmmem
943 1281 1365 1396 metricum.

348 1505 522 1595 Crystalli
538 1505 705 1597 gracilae,
721 1505 840 1591 albae,
861 1506 1003 1579 sericeo
1019 1506 1271 1599 splendentes
1292 1509 1440 1601 saporis

240 1632 474 1722 amarissimi,
494 1631 533 1705 in
552 1655 651 1725 aqua
671 1638 708 1707 et
736 1632 867 1725 spiritu
888 1633 965 1705 vini
985 1633 1154 1706 bullienti
1172 1634 1291 1723 facilc,
1313 1634 1439 1707 diffici-

239 1758 310 1833 lius
329 1760 367 1833 in
387 1782 486 1853 aqua
505 1765 543 1832 et
570 1758 703 1852 spiritu
721 1759 797 1832 vini
816 1759 960 1852 frigide,
988 1782 1059 1833 nec
1088 1782 1165 1834 non
1183 1762 1223 1833 in
1250 1762 1439 1853 glycerino

239 1886 428 1961 solubiles,
469 1886 612 1961 Solutio
646 1909 792 1979 aquosa
829 1888 1000 1961 chartam
1039 1888 1325 1981 exploratoriam
1362 1910 1440 1962 non

238 2019 366 2103 mutat,
406 2013 532 2087 addito
561 2014 659 2086 kalio
688 2014 972 2107 hydrooxydato
1002 2016 1126 2089 soluto
1155 2016 1438 2108 praecipitatum

238 2142 373 2232 album,
408 2141 737 2234 superabundante
790 2148 967 2235 reagente
1014 2143 1224 2232 insolubile,
1273 2144 1437 2236 deponit.

239 2269 443 2361 Crystallus
465 2270 676 2360 Strychnini
703 2269 835 2362 nitrici,
865 2272 904 2343 in
933 2270 1082 2344 acidum
1107 2271 1438 2363 hydrochloricum

238 2397 421 2471 ebulliens
450 2396 637 2487 immersa,
672 2397 758 2470 huic
792 2398 956 2471 colorem
984 2398 1136 2471 mbrum
1171 2399 1313 2485 tn'buit;
1353 2421 1438 2472 curn

237 2525 343 2599 acido
354 2525 532 2597 sulfurico
544 2530 782 2597 concentrato
799 2525 1026 2598 solutionem
1042 2526 1252 2600 decolorem
1266 2527 1435 2621 praeben

238 2672 321 2724 cum
355 2650 462 2724 acido
492 2654 624 2725 nitrico
645 2652 802 2725 contrita
831 2654 993 2724 colorem
1023 2653 1243 2740 subflavum,
1273 2676 1319 2727 ne
1349 2676 1436 2727 vero

237 2778 388 2851 rubrum
408 2778 591 2853 exhibeat.

345 2906 487 2979 Solutio
512 2927 657 2999 aquosa
686 2913 935 2998 concentrata,
965 2906 1092 2980 addito
1121 2907 1218 2980 kalio
1248 2908 1436 2980 chromico

237 3034 369 3124 soluto,
389 3034 672 3126 praecipitatum
692 3035 851 3107 demittit
869 3035 982 3108 rubro
1008 3035 1145 3106 ilavurn
1166 3033 1435 3126 crystallinum,

237 3161 337 3252 quod
366 3160 474 3234 acido
504 3160 680 3234 sulfurico
707 3167 945 3234 concontrato
975 3161 1241 3250 humectatum,
1271 3162 1434 3234 colorem

238 3288 450 3361 caeruleum
470 3289 516 3361 ad
536 3288 744 3362 violaceum
764 3289 876 3361 ducit.

343 3415 501 3508 Ignitum
521 3415 709 3507 dellagret‚
730 3415 822 3489 nihil
841 3415 980 3489 residui
998 3416 1224 3507 relinquens.

599 3699 797 3841 Styrus
823 3700 1079 3841 liquidus·

343 3924 605 4020 laqucdamtar
624 3926 805 3997 orientalis
825 3926 981 4013 Miller,
1002 3926 1114 3998 arbor
1133 3925 1245 3997 Asiae
1266 3925 1431 3998 minoris

235 4052 531 4125 Hamomelideoe.

340 4180 568 4269 Balsamum,
608 4203 627 4252 e
658 4182 794 4254 cortice
823 4186 1098 4273 praeparatum,
1138 4179 1238 4251 sistit
1265 4201 1432 4253 massam

234 4307 559 4398 tenaci-liquidam,
575 4309 810 4399 glutinosam,
822 4308 860 4380 in
876 4330 975 4398 aqua
991 4307 1269 4397 demergentem
1290 4312 1328 4379 et
1346 4329 1431 4380 eum

233 4434 396 4527 pauxillo
426 4456 545 4526 aquae
584 4436 816 4527 permixtam,
852 4434 1050 4519 turbidam,
1090 4434 1225 4508 coloris
1254 4455 1274 4506 e
1308 4435 1430 4525 griseo

233 4560 628 4649 fuscescentis,0d0ris
638 4562 1219 4655 peculiaris,fragrantissaporis
1231 4560 1430 4648 aromatici,

235 4690 558 4763 subamaricantis

1162 4827 1210 4881 n*
