3600 5534
852 556 1091 631 —idi-

367 796 451 849 eum

499 901 619 1004 Aque
703 903 812 998 tripla
831 902 1028 999 quantitate

363 1037 545 1123 paratam,
564 1031 692 1104 habita
706 1052 806 1121 cura,
825 1036 867 1105 ui
881 1031 1004 1123 liquor
1023 1031 1184 1105 debilem
1199 1031 1322 1105 adhuc
1336 1031 1564 1105 reactionem

363 1157 559 1232 alcalinam
580 1161 786 1231 conservet.

470 1285 759 1378 Praecipitatum
772 1285 858 1357 inde
874 1290 1004 1357 natum
1019 1284 1100 1358 sine
1115 1307 1221 1360 mora
1240 1308 1263 1359 a
1276 1286 1421 1379 liquore
1437 1308 1563 1380 super·

362 1418 513 1487 natante
529 1434 673 1507 separa,
694 1434 793 1505 aqua
807 1413 996 1487 destillata
1011 1413 1103 1501 elue,
1124 1414 1245 1488 donec
1259 1416 1381 1507 liquor
1395 1416 1562 1487 defluens

362 1541 630 1615 necammonio
647 1540 802 1629 oxalim,
817 1562 886 1612 nec
905 1544 1058 1631 argento
1069 1540 1202 1615 uitrico
1211 1543 1394 1629 turheium
1412 1542 1563 1615 demum

360 1669 399 1741 in
418 1668 501 1741 loco
518 1668 643 1761 tepido
655 1668 1048 1760 siccaetinpulverem
1067 1668 1351 1742 subtilissimum
1370 1670 1563 1743 redactum

361 1817 481 1869 serva.

471 1922 525 1996 Sit
539 1924 661 2016 pulvis
673 1924 951 2013 subtilissimum
967 1924 1184 2017 amorphuS,
1194 1924 1353 2013 albiduS,
1364 1924 1560 1998 reactionis

364 2050 542 2137 neumae,
562 2050 698 2141 ignitus
717 2051 865 2144 penitus
886 2052 1078 2144 deflagrat.
1473 2044 1475 2048 ’

472 2178 597 2251 Sulsur
609 2178 891 2271 praecipitatum
912 2201 996 2252 eum
1017 2177 1228 2252 ammoniae
1243 2177 1411 2270 panibus
1431 2177 1560 2269 viginti

361 2309 654 2397 conquassatum
665 2304 843 2377 filtraium
853 2306 1040 2398 praebeat,
1048 2306 1149 2398 quod
1159 2305 1265 2378 acido
1275 2304 1559 2396 hydroehlorico

361 2432 595 2519 acidulaium,
607 2432 666 2505 vel
676 2453 774 2523 aqua
785 2431 1089 2523 hydrosuliurata
1100 2431 1237 2521 addita,
1249 2432 1411 2504 colorem
1422 2431 1560 2503 flavum

359 2581 407 2632 ne
427 2558 567 2631 induat.

671 2881 855 2991 Suiiin·
884 2883 1246 2992 sublimatum.

795 3112 935 3193 Floras
959 3114 1133 3193 sulfuris,

470 3308 597 3382 Pulvis
619 3309 782 3397 citriam,
812 3308 849 3381 in
869 3331 969 3402 aqua
992 3308 1215 3400 insolubilia
1241 3329 1375 3401 parum
1402 3306 1560 3381 solvitur

359 3434 397 3507 in
417 3436 549 3530 spiritu
568 3436 644 3509 vini
665 3442 919 3525 commeato,
940 3437 1102 3529 aethere,
1124 3435 1389 3509 chloroformio
1409 3441 1447 3508 et
1464 3436 1557 3508 oleis

357 3562 572 3655 pinquibUS,
592 3562 696 3636 facile
706 3563 743 3634 in
760 3563 946 3636 carboneo
962 3564 1155 3637 sulfurato.
1172 3563 1267 3636 Cum
1280 3583 1381 3655 aqua
1395 3584 1555 3655 quassa·

358 3694 418 3763 tus
439 3690 523 3764 huic
542 3691 763 3785 plerumque
782 3691 1008 3764 reactionem
1028 3691 1175 3764 acidam
1193 3690 1330 3763 tribuit.

465 3817 561 3892 Adre
588 3818 811 3892 ferveiaetus
837 3818 1054 3909 inflammat,
1083 3818 1239 3891 odorem
1259 3816 1354 3890 acidi
1381 3816 1558 3889 sulfmosi

358 3966 558 4036 spargens;
575 3946 796 4019 combustus
807 3946 1001 4017 residuum
1010 3945 1160 4018 nonnisi
1172 3944 1347 4037 exiguum
1358 3944 1554 4037 relinquat.

466 4074 593 4167 Sulsw·
611 4074 832 4171 depuratum.
860 4072 1079 4170 Udaquentum
1097 4072 1327 4166 sulfuratum.

849 4394 1064 4538 Syrupi.

466 4620 600 4715 Syrupi
620 4622 657 4694 in
676 4642 811 4714 genere
831 4620 883 4691 iia
902 4625 1093 4713 parentur,
1114 4623 1155 4693 ut
1178 4618 1403 4692 saccharum
1423 4623 1554 4692 coniu-

356 4773 454 4841 sum,
483 4750 521 4822 in
549 4750 700 4843 liquid0‚
727 4770 794 4841 pro
820 4768 961 4839 sympo
982 4747 1176 4820 efficiendo
1203 4746 1447 4839 praescripta,
1467 4766 1553 4837 pro-
