3600 5534
855 502 1090 573 -148-

481 718 593 813 Aqua
611 720 688 793 sive
709 720 859 813 spiritus
878 721 954 793 vini
970 720 1186 813 quassando
1201 718 1292 791 nihil
1308 718 1389 811 ejus
1405 718 1569 805 solvant;

374 846 538 939 liquores
566 848 692 920 liltrati
721 868 821 937 aqua
848 846 1154 939 hydrosulfmata
1173 849 1231 920 vel
1259 850 1414 939 argento
1442 846 1571 917 uitrico

375 975 436 1045 vix
455 974 662 1049 turbentur.

414 1302 1086 1438 Hydrarwmm
1123 1300 1538 1413 Memora·

605 1472 781 1574 lum
817 1465 1355 1576 corrosivam.

595 1689 821 1769 Mercurius
844 1691 1081 1769 sublimatus
1105 1691 1347 1769 corrosivus

487 1884 613 1956 Massa
626 1883 851 1974 crystallina,
863 1884 961 1972 alba,
976 1884 1198 1977 ponderosa,
1215 1884 1415 1977 diaphana‚
1430 1884 1577 1976 saporis

380 2012 584 2084 admodum
603 2010 789 2099 metallici,
810 2033 909 2103 aqua
928 2012 1082 2099 fervida,
1102 2010 1235 2103 spiritu
1259 2010 1341 2083 vini
1361 2016 1397 2083 et
1426 2010 1577 2083 aethere

379 2138 497 2225 facile,
522 2159 623 2229 aqua
641 2137 773 2229 frigida
798 2137 984 2211 difficilius
1004 2138 1171 2211 solvitur.
1192 2137 1234 2210 ln
1253 2139 1343 2211 tubo
1363 2138 1577 2237 probatorio

381 2265 560 2337 calefacta
577 2265 750 2357 liquescit
769 2271 805 2338 et
825 2288 869 2339 ex
889 2266 1034 2357 integro
1055 2265 1243 2339 sublimat.

490 2390 634 2465 Solutio
650 2415 804 2486 aquosa.
825 2393 1027 2466 reactionis
1043 2392 1183 2481 acidae,
1200 2415 1284 2465 cum
1298 2392 1421 2465 natrio
1436 2392 1575 2484 hydro-

382 2520 544 2611 oxydato
597 2520 720 2594 soluto
767 2520 1016 2593 sedimentum
1063 2521 1202 2594 llavum
1250 2518 1418 2607 demittit,
1470 2519 1579 2591 acido

382 2647 514 2719 uitrico
549 2646 745 2735 acidulata‚
780 2653 935 2738 argento
964 2646 1095 2719 uitrico
1125 2647 1263 2735 additu,
1292 2646 1579 2740 praecipitatum

384 2775 509 2847 album
533 2774 654 2847 efficit.
1057 2746 1061 2759 ⁸

492 2901 636 2974 Solutio
648 2922 802 2993 aquosa,
810 2902 1044 2993 hydrogenio
1057 2902 1237 2975 sulfurato
1249 2905 1428 2991 saturata,
1439 2901 1581 2993 praeci-

382 3030 540 3122 pitatum
554 3030 703 3120 nigrum
715 3028 878 3120 deponit,
888 3029 989 3121 quod
1005 3051 1104 3121 aqua
1114 3029 1232 3101 lotum
1243 3034 1279 3101 et
1290 3048 1375 3101 cum
1391 3028 1583 3100 ammonia

384 3154 1582 3248 aequalivolumineaquadilutaquassatumliquoremfiltraudo

384 3283 571 3374 praebeat,
587 3282 651 3375 qui
668 3282 774 3355 acido
790 3282 1075 3372 hydrochlorico
1093 3282 1313 3362 acidulatus
1331 3281 1582 3354 sedimeutum

384 3412 534 3499 flavum,
551 3431 597 3483 ex
612 3409 781 3483 arsenico
798 3410 981 3481 sulfurato
994 3410 1254 3502 compositum,
1267 3409 1322 3481 vel
1341 3408 1469 3481 addita
1484 3430 1584 3500 aqua

384 3536 687 3629 hydrosullurata
706 3557 753 3608 ne
774 3534 954 3609 demittat.

385 3867 1062 3999 Hydrarwrum
1118 3861 1586 3997 modalium

577 4022 581 4044 '
793 4028 1170 4136 rubrum.

667 4234 1035 4337 Deutojodututum
1059 4232 1306 4335 lrydrargyri.

386 4416 482 4506 ltpe:
513 4411 733 4511 llytlnrgyrl
753 4408 950 4488 licllcrati
972 4408 1146 4486 corrosit!

929 4544 1129 4635 yrdrnmatd
1149 4538 1389 4632 quadrayiula
1533 4540 1585 4611 40

387 4670 491 4742 solve
512 4670 550 4742 in
