3600 5534
684 551 927 624 -301-

208 767 395 858 Burettae‚
420 768 473 842 sic
493 768 623 859 dictae,
648 770 687 841 in
716 769 934 843 centimetra
962 768 1093 842 cubica
1121 767 1278 860 ejusque
1305 768 1401 841 deci-

316 920 400 971 mas
419 902 545 991 partes
567 898 718 988 divisae,
738 920 896 972 numero
917 898 1114 971 minimum
1133 896 1220 968 duo.

207 1025 373 1117 Pipettae
403 1026 585 1117 diversae,
605 1049 702 1120 quae
728 1028 906 1101 volumen
931 1027 1235 1100 centimetrorum
1254 1025 1402 1097 cubico-

314 1172 400 1225 rum
421 1152 455 1242 5,
480 1154 538 1242 10,
562 1154 623 1243 00,
645 1155 706 1244 05,
728 1156 778 1229 50
799 1161 835 1228 et
859 1155 935 1228 100
955 1160 1084 1228 exacte
1104 1152 1279 1225 indicant.

208 1279 423 1372 Apparatus
442 1279 607 1353 Marshii.

208 1405 423 1499 Apparatus
442 1428 512 1499 pro
528 1408 756 1482 extractione
771 1409 872 1501 gasis
888 1407 1195 1501 hydrosulfurali‚
1213 1406 1403 1496 sulfurosi,
1506 1402 1510 1413 '

317 1533 442 1622 chlori,
464 1539 532 1608 eta.

208 1660 495 1735 Thermometra
523 1662 610 1750 duo,
639 1684 801 1755 quorum
826 1686 945 1737 unum
964 1667 1242 1755 temperaturas
1270 1661 1400 1732 -150

316 1810 438 1881 usque
463 1799 497 1874 1
526 1790 639 1879 1000,
660 1785 1169 1888 alterumlemperatnras-l-
1190 1789 1264 1861 100
1284 1809 1404 1879 usque

318 1916 419 1989 300Ο
443 1917 590 1990 indicat.

206 2044 343 2117 Tubuli
373 2045 568 2137 capillares
602 2050 638 2118 et
671 2046 773 2117 anuli
807 2044 950 2119 clastici
979 2045 1028 2117 ad
1052 2042 1402 2117 determinationem

316 2172 456 2264 gradus
478 2173 745 2265 liquescenliae
765 2172 1024 2246 inservientes

207 2299 429 2373 Areomelra
444 2301 491 2372 ad
508 2300 782 2393 explorandum
797 2302 946 2392 pondus
962 2300 1182 2393 specificum
1205 2318 1404 2391 corporum

316 2426 517 2499 fluidorum
536 2434 616 2501 tum
638 2449 738 2520 aqua
757 2428 938 2502 leviomm
959 2449 1078 2519 quum
1098 2428 1322 2518 graviorum.

207 2554 563 2628 Alcoholomelrum.

206 2680 499 2756 Piknometrum.

207 2808 505 2903 Microscopium,
526 2832 602 2903 quo
624 2810 804 2901 imagines
824 2815 882 2882 tar
900 2811 959 2882 vel
980 2818 1114 2902 quater
1129 2809 1268 2882 centies
1284 2807 1402 2900 majo-

316 2960 377 3010 res
398 2944 592 3031 augentur.

207 3066 365 3138 liutina
402 3067 587 3158 analytica
625 3088 710 3158 qua,
750 3067 782 3139 si
820 3071 979 3158 utraque
1016 3067 1105 3140 lanx
1134 3063 1407 3158 quinquaginta

316 3201 568 3285 grammatum
586 3194 752 3288 pondere
772 3200 961 3283 oneratur,
990 3196 1102 3267 unius
1128 3192 1404 3283 milligramma-

316 3322 363 3393 tis
385 3322 680 3413 superpondium
701 3320 896 3393 indicatur.
