3600 5534
791 1504 849 1621 B.
889 1504 1168 1623 Utensilia.

385 1763 522 1836 Tubuli
541 1766 743 1857 probatorii
762 1766 959 1838 minimum
978 1765 1106 1856 viginti
1128 1772 1302 1856 quatuor.

387 1890 608 1964 Cucurbitae
628 1892 768 1965 vitreae
788 1893 952 1965 minores
974 1899 1123 1964 centum
1144 1914 1266 1984 usque
1284 1893 1446 1965 ducenta
1465 1893 1579 1964 centi-

494 2025 616 2092 metra
634 2019 765 2092 cubica
784 2020 987 2111 capientes.
1509 2003 1512 2008 ⁴

387 2144 564 2219 Retortae
585 2148 723 2219 vitreae
744 2147 919 2220 minores,

388 2271 493 2345 Ollae
508 2274 645 2345 vitreae
662 2274 873 2366 complures
895 2274 1064 2346 diversae
1085 2274 1364 2364 magnitudinis,

388 2396 491 2471 Vitra
511 2420 677 2473 concava
696 2405 732 2472 et
749 2401 899 2493 patinae
921 2401 1060 2474 vitreae
1080 2401 1294 2475 nonnullae.

386 2524 626 2600 Ininndibula
645 2529 761 2600 vitrea
781 2528 829 2599 ad
847 2527 1086 2602 filtrationem
1106 2534 1205 2621 apta.

389 2652 486 2725 Tubi
504 2653 608 2727 vitrei
627 2654 1002 2727 infundibulilormes,

390 2780 487 2853 Tubi
505 2780 608 2853 vitrei
630 2781 679 2853 ad
694 2781 912 2872 juncturam
931 2787 1180 2875 apparatuum
1200 2782 1457 2854 inservientes,

316 2884 324 2899 '
389 2908 516 2981 Baeilli
535 2910 641 2981 vitrei
662 2910 885 3002 complures.

387 3036 541 3109 Patinae
561 3037 819 3129 porcellaneae
840 3039 1012 3111 minores.

390 3162 588 3269 Crucibula
605 3165 840 3255 parcellanea
859 3187 945 3237 cum
966 3165 1153 3257 operculo.

389 3290 556 3363 Platinae
576 3290 724 3364 lamina.

392 3417 557 3491 Platinae
578 3418 691 3491 filum.

392 3545 566 3617 Catinum
585 3545 789 3637 platineum
810 3567 896 3618 cum
917 3547 1093 3639 operculo
1114 3552 1304 3619 excavato,

390 3672 563 3764 Foreeps.

391 3800 634 3890 Triangulum
655 3801 702 3872 ad
721 3802 936 3893 ignitionem
958 3802 1243 3874 crucibulorum.

392 3928 556 4019 Lampas
577 3927 703 3999 vitrea.

391 4055 504 4130 Ustor
522 4054 700 4127 Bunsenii
720 4056 789 4145 vel,
811 4056 1004 4129 deliciente
1024 4078 1125 4149 gase,
1144 4058 1289 4147 lampas
1310 4054 1473 4127 Berzelii.

394 4183 576 4257 Utensilia
596 4183 643 4254 ad
665 4183 840 4274 analyses
860 4185 1124 4256 volumetricas
1143 4183 1391 4275 perficiendas
1413 4183 1590 4276 imprimis

501 4312 714 4382 necessaria
734 4317 770 4384 et
790 4312 962 4403 quidem:

558 4437 792 4528 (lucar-bitae,
820 4460 917 4530 quae
946 4460 1165 4511 mensuram
1194 4438 1306 4510 unius
1336 4439 1451 4527 litraa
1481 4438 1590 4511 semi·

612 4565 718 4638 litrae
735 4568 793 4640 vel
809 4567 1030 4658 quadrantis
1045 4567 1149 4639 litrae
1162 4572 1334 4638 accurate
1346 4567 1592 4638 determinare

615 4692 754 4766 sinunt.
