3600 5534
708 572 947 643 -181-

255 786 783 923 Moenoenum
820 786 1405 921 hyaroe-olore·

719 976 928 1059 cmm.

333 1171 506 1272 Crystalli
528 1172 745 1258 aciculareS,
759 1175 906 1259 leuuca,
927 1170 1069 1242 sericeo
1081 1169 1253 1259 nitentes,
1275 1171 1424 1263 saporis

226 1299 422 1391 paramum,
435 1300 604 1372 chartam
620 1298 909 1390 exploratoriam
924 1318 1001 1369 non
1017 1302 1214 1386 mutanlea
1231 1300 1427 1371 solvuntur

228 1426 264 1497 in
311 1426 480 1518 partibus
518 1426 661 1499 circiter
699 1425 750 1497 20
789 1446 910 1517 aquae
954 1424 1119 1517 frigidae,
1163 1424 1202 1496 in
1233 1426 1312 1518 pari
1350 1428 1425 1498 fere

227 1554 393 1644 pondere
440 1551 641 1640 bullientia,
690 1551 874 1625 difficilius
921 1551 958 1624 in
1006 1553 1136 1645 spiritu
1182 1551 1271 1624 vini.
1311 1552 1423 1625 Ferro

227 1681 524 1772 sesquichlorato
564 1682 689 1753 soluto
727 1680 964 1753 humectatae
1003 1680 1166 1753 colorem
1214 1680 1425 1752 caeruleum

227 1806 397 1896 induunt,
419 1809 524 1881 acido
543 1809 675 1882 nitrico
694 1806 910 1880 rubescunt.

337 1930 481 2008 Salutio
502 1957 656 2029 aquosa,
687 1934 878 2007 ammonia
905 1934 965 2008 vel
993 1935 1114 2007 nutrio
1140 1934 1426 2027 hydrooxydato

228 2062 351 2135 soluto
372 2063 512 2152 addito,
532 2061 818 2155 praecipitatum
846 2061 986 2134 album.
1004 2060 1166 2154 deponit,
1196 2062 1297 2154 quod
1323 2082 1426 2135 exce-

229 2190 336 2261 dente
371 2191 561 2263 ammonia
589 2210 666 2262 non
695 2189 908 2280 conspicue,
937 2188 1043 2261 facile
1073 2194 1109 2261 et
1137 2189 1285 2281 penitus
1303 2190 1426 2261 natrio

229 2313 514 2409 lrydrooxydato
534 2316 659 2389 soluto
680 2316 847 2405 solvitur,
868 2317 906 2389 in
927 2314 1075 2389 aethere
1095 2316 1157 2388 vix
1177 2317 1335 2388 solubile
1356 2323 1425 2389 est.

335 2443 575 2536 Morphinum
588 2443 927 2535 hydroclrloricnm,
949 2443 1055 2515 acido
1072 2444 1250 2516 sullun‘co
1268 2465 1425 2516 concen-

229 2576 324 2645 tralo
344 2574 520 2660 solutum,
540 2572 724 2664 liquorem
744 2572 878 2644 coloris
900 2577 1089 2662 expertem
1107 2574 1294 2664 praebeat.

335 2699 499 2791 Ignitum
518 2721 564 2773 ex
583 2700 727 2792 integro
748 2700 954 2771 comburat.

528 3019 800 3163 Mucilago
828 3019 1116 3163 cydoniae.

228 3244 328 3338 Rpe:
366 3238 517 3321 Seni-is
537 3241 715 3345 01110ιί10
770 3269 933 3340 qranmro
954 3270 1062 3315 cerrum
1409 3248 1423 3317 1

364 3370 484 3471 dqme
503 3370 710 3450 destillttee
770 3380 972 3469 yrauunnlc
991 3372 1120 3466 uiuenti
1139 3373 1301 3466 quinque.
1374 3374 1424 3445 25

337 3499 565 3594 Conquassa
583 3501 623 3573 in
641 3501 778 3593 lagena
796 3500 915 3572 vitrea
935 3505 972 3571 et
991 3500 1085 3571 cola.

337 3627 493 3700 Paretur
512 3650 557 3700 ex
575 3632 755 3721 ternpore.
854 3638 857 3645 '

430 3950 702 4123 llluoilago
731 3948 937 4058 Gummi
961 3950 1205 4058 llcaciae.

543 4178 741 4283 Muoilago
765 4178 930 4257 Gummi
953 4178 1115 4256 arabici.

230 4373 331 4468 Rpe:
370 4371 505 4450 duni
526 4371 675 4451 denelae
696 4372 877 4473 pullenti
894 4380 1095 4469 mummolo
1118 4373 1253 4467 riqinti.
1380 4373 1430 4444 uu

339 4501 450 4573 Solve
471 4502 613 4575 sensim
633 4502 863 4575 effundendo
884 4501 923 4572 in

367 4627 489 4728 Aquae
510 4625 720 4705 destillante
893 4629 1062 4723 qrammi-a·
1082 4626 1322 4723 qcludruyinlo
1378 4626 1430 4697 40

231 4762 265 4829 et
282 4758 492 4829 triturando
511 4757 550 4829 in
569 4756 831 4849 mucilagiuem
850 4756 985 4847 redige,
1002 4778 1117 4847 quam
1133 4756 1290 4827 celatam
1307 4776 1426 4825 serva.
