3600 5534
874 492 1118 587 -ias-

512 727 551 799 Si
571 727 707 800 solutio
723 727 816 799 Kalii
836 729 1022 803 carbonici
1043 726 1149 802 acido
1170 729 1345 801 suliurico
1362 728 1476 800 diluto
1497 734 1597 801 satu-

402 860 483 927 rata
516 877 628 947 super
656 855 861 928 miscellam
897 877 943 930 cx
976 878 1051 929 uno
1081 857 1268 929 volumina
1302 855 1398 928 acidi
1431 856 1596 927 suliurici

403 984 630 1055 concentrati
670 988 706 1055 et
738 985 884 1073 aequati
924 984 1129 1075 quantitate
1168 982 1252 1055 ferri
1291 982 1455 1055 sulfurici
1485 982 1597 1055 soluti

402 1116 570 1201 paratam
585 1110 796 1199 affunditur,
813 1133 856 1183 co
871 1113 996 1202 plano,
1012 1132 1086 1203 quo
1106 1109 1268 1202 liquores
1284 1110 1379 1183 inter
1393 1132 1434 1183 sc
1451 1110 1595 1182 contin-

403 1244 504 1328 gunt,
525 1259 620 1310 zona
638 1237 856 1310 intermedia
874 1239 980 1311 fusca
998 1261 1046 1311 nc
1064 1238 1255 1329 adpareat.

509 1365 655 1437 Kaliuni
675 1365 923 1454 carbonicum,
950 1386 1020 1458 opc
1045 1365 1140 1437 acidi
1167 1363 1440 1457 hydrochlorici
1470 1384 1595 1455 super-

401 1492 627 1565 abundantis
647 1492 811 1564 solutum
833 1499 870 1566 ct
888 1495 935 1566 ad
954 1493 1155 1585 perfectam
1185 1492 1388 1564 siccitatem
1419 1466 1593 1582 evapora-

401 1626 490 1709 tuin,
501 1620 696 1692 residuum
705 1620 893 1711 praebeat,
906 1621 1007 1712 quod
1022 1620 1127 1692 acido
1143 1618 1427 1711 hydrochlorico
1442 1617 1592 1690 humec-

400 1752 519 1819 tatum
538 1748 576 1818 in
596 1768 695 1838 aqua
714 1745 900 1819 destillata
917 1748 1065 1839 penitus
1087 1748 1261 1819 solvatur.
1284 1744 1425 1817 Solutio
1439 1744 1594 1817 obtenta

400 1895 468 1946 nac
488 1895 587 1966 aqua
604 1874 907 1965 hydrosuifurata
926 1896 996 1946 nec
1017 1873 1207 1945 ammonia
1236 1878 1273 1945 ct
1300 1871 1488 1944 ammonio
1519 1874 1592 1945 su]-

397 2002 530 2087 furat0‚
549 2023 618 2073 nec
636 2003 752 2093 baryo
771 2002 903 2074 nitrico
923 2007 1096 2074 mutetur.
1331 2008 1333 2012 ’

508 2128 704 2202 Continent
723 2130 761 2200 in
786 2134 936 2202 centum
955 2127 1123 2221 partibus
1139 2129 1333 2199 minimum
1356 2132 1483 2218 pantes
1501 2129 1590 2200 995

397 2256 493 2328 Kalii
504 2257 700 2343 carbonici‚
713 2261 938 2349 quapropter
949 2256 1238 2346 decigrammata
1248 2255 1321 2327 duo
1333 2254 1422 2326 salis
1432 2254 1592 2346 paticctc

398 2384 526 2456 siccati
546 2384 593 2456 ad
604 2384 799 2455 minimum
816 2384 1031 2455 centimetra
1046 2380 1174 2454 cubica
1188 2382 1316 2473 viginti
1332 2386 1416 2454 octo
1437 2386 1474 2453 ct
1493 2386 1591 2452 octo-

398 2512 564 2585 decimas
584 2496 665 2601 ejus
690 2517 814 2603 paitcs
837 2510 944 2600 (ns-8
971 2508 1056 2599 CC.)
1086 2509 1283 2582 solutionis
1308 2506 1591 2580 alcalimetricac

399 2639 659 2711 decinormalis
682 2642 919 2726 consumant,
934 2642 975 2709 ut
993 2636 1153 2729 perfecta
1174 2640 1397 2708 saturantur.

508 2768 681 2838 Servetur
699 2788 788 2838 vase
808 2766 947 2857 optima
968 2765 1107 2836 clauso.

508 2910 639 2984 Salutio
666 2909 868 2983 criminalis
886 2908 1043 2981 Fowieri.
1066 2908 1225 3003 Syt'opus
1248 2906 1344 2977 litet.

566 3286 776 3394 iiaiium
803 3286 1149 3393 carbonionm
1176 3284 1421 3392 solutum.

737 3516 889 3617 Liqnor
911 3515 1019 3592 Kalii
1042 3513 1258 3592 carbonioi.

395 3713 496 3804 Rpc:
536 3708 631 3786 ttulit
651 3704 835 3784 ourionici
855 3708 938 3810 puri
992 3715 1193 3803 yrccnnato
1213 3714 1345 3779 centum
1514 3708 1587 3780 too

530 3836 650 3935 Aque
670 3835 878 3913 destillant
933 3842 1134 3933 yranamata
1152 3836 1306 3907 docento.
1512 3834 1587 3906 200

504 3966 625 4038 Solva.
647 3965 786 4057 Liquor
804 3965 962 4043 filtratus
982 3963 1159 4055 ponderis
1180 3962 1343 4053 specifici
1363 3962 1411 4034 sit
1433 3960 1533 4035 tas.

723 4320 933 4429 italiam
960 4318 1265 4427 chinricum.

503 4548 674 4639 Crystalli
694 4546 906 4619 lamellaras
926 4546 984 4617 val
1004 4544 1304 4631 tabulact'ormas,
1326 4543 1530 4630 decolores
1552 4543 1587 4613 in

394 4698 492 4767 aqua
511 4674 650 4747 fervida
668 4675 784 4746 multo
811 4672 955 4744 facilius
983 4693 1095 4763 quam
1129 4671 1271 4761 frigida,
1294 4671 1333 4742 in
1356 4668 1488 4760 spiritu
1513 4667 1586 4739 vini
