3600 5534
868 561 1077 634 -102-

374 778 487 849 tionis
521 779 700 868 neutrius
734 780 880 874 saporis
911 779 1043 852 leniter
1071 776 1350 867 adstringentis,
1381 777 1455 869 qui,
1495 798 1571 849 una

375 909 480 995 gutta
500 904 594 976 acidi
614 905 784 978 sulfurioi
804 906 909 978 diluti
938 905 1094 997 adjecta,
1115 905 1291 978 coritinuo
1310 905 1348 976 in
1368 904 1571 996 gelatinam

374 1032 496 1120 abeat,
516 1032 612 1104 ferro
632 1031 917 1123 hydrooxydato
936 1033 1182 1106 efformatam.

483 1158 619 1251 Viginti
638 1165 848 1250 grammata
875 1161 1029 1253 liquoris
1058 1159 1107 1232 ad
1136 1158 1343 1230 siceitatem
1367 1165 1571 1252 evaporata

373 1291 411 1358 et
429 1287 467 1358 in
487 1286 623 1358 balneo
645 1306 781 1359 arenae
816 1288 1003 1376 calefacta,
1039 1287 1158 1359 donec
1191 1285 1343 1377 pondus
1373 1271 1570 1377 jamnon

373 1414 627 1502 imminuatur,
666 1415 859 1487 residuum
886 1415 1099 1506 relinquant
1131 1412 1311 1505 ponderis
1350 1413 1569 1504 grammatis

372 1540 498 1629 uulua,
521 1542 621 1632 quod
640 1545 763 1613 totum
780 1541 857 1614 iere
878 1546 1024 1613 constet
1043 1562 1089 1612 ex
1108 1540 1205 1612 ferro
1226 1541 1399 1631 oxydato.

481 1667 707 1740 Centimetra
726 1667 858 1740 cubica
878 1668 1043 1760 quinque
1064 1671 1103 1759 (5
1126 1667 1210 1758 CC.)
1229 1667 1345 1758 hujus
1355 1666 1568 1760 praeparati

371 1816 458 1867 cum
477 1795 624 1886 aequali
643 1795 833 1868 volumine
854 1794 951 1866 acidi
971 1793 1092 1866 nitrici
1113 1794 1218 1866 diluti
1238 1795 1427 1882 calefacta,
1449 1795 1569 1867 donec

370 1922 508 1994 solutio
518 1920 671 2014 limpida
685 1922 859 1994 subflava
874 1923 1044 2010 evaserit,
1060 1921 1178 1994 tribus
1189 1921 1417 1994 centimetris
1429 1921 1567 1993 cubicis

371 2055 408 2121 et
427 2048 579 2120 dimidio
601 2049 678 2140 (3·5
700 2049 783 2140 CC.)
806 2048 1007 2121 solutionis
1028 2049 1171 2141 argenti
1189 2027 1318 2122 uitrici
1337 2048 1568 2123 volumetrici

372 2175 518 2264 additis,
538 2177 721 2268 liquorem
740 2177 957 2269 praebeant,
984 2176 1049 2268 qui
1081 2177 1241 2249 liltratus
1276 2177 1391 2267 guttis
1427 2176 1569 2268 aliquot

373 2303 571 2376 solutionis
592 2304 732 2395 argenti
753 2303 875 2377 uitrici
893 2324 973 2376 non
992 2304 1154 2396 amplius
1169 2305 1349 2377 turbetur.

480 2429 725 2524 inapparatu
743 2430 898 2503 Marshii
931 2431 1187 2504 examinatum
1217 2431 1376 2522 vestigia
1409 2429 1565 2501 arsenici

373 2577 420 2628 ne
440 2558 585 2649 prodat.

708 2841 934 2951 l'orrum
957 2841 1227 2951 lootionm.

480 3065 638 3138 Crustae
658 3065 894 3157 crystallinae
915 3087 936 3138 e
955 3066 1064 3139 viridi
1082 3067 1189 3139 albae
1199 3067 1259 3139 vel
1269 3065 1393 3159 pulvis
1408 3065 1561 3157 crystal-

370 3192 469 3264 linus
506 3192 583 3265 fere
618 3192 736 3280 albus,
769 3192 808 3264 in
842 3214 943 3284 aqua
974 3192 1116 3266 fervida
1147 3191 1252 3265 haud
1286 3192 1493 3280 difficulter,
1526 3191 1564 3264 in

369 3319 504 3410 frigida
522 3320 647 3391 minus
668 3318 785 3407 raone,
818 3299 872 3392 in'
891 3320 1026 3412 spiritu
1045 3319 1121 3393 vini
1154 3319 1216 3391 vix
1248 3319 1431 3393 solutius.
1458 3319 1561 3392 aare·

369 3446 491 3519 factus
512 3467 670 3538 vapores
691 3446 823 3518 emittit
856 3447 1004 3536 densos,
1039 3447 1165 3520 odoris
1191 3446 1288 3519 acidi
1319 3446 1563 3539 penetrantis

370 3573 597 3646 caramelum
616 3551 823 3662 monentes
842 3578 924 3645 tum
943 3574 1188 3665 carbonescit,
1209 3575 1370 3667 denique
1389 3571 1566 3664 relinquit

369 3700 563 3773 residuum
581 3699 667 3773 ferri
687 3700 847 3791 oxydati.

478 3827 621 3900 Solutio
651 3849 806 3919 aquosa,
834 3825 1033 3899 reactionis
1062 3825 1202 3916 acidae,
1231 3827 1365 3919 frigore
1395 3832 1565 3900 saturata

367 3953 732 4046 latio-fernayanato
744 3953 888 4045 adjecto
900 3953 1065 4026 colorem
1074 3953 1197 4027 induit
1206 3954 1354 4027 intense
1370 3976 1564 4047 cyaneum,

369 4081 744 4172 kalio-serrocyanato
765 4080 961 4154 dumtaxat
980 4082 1277 4154 subcaemleum.

407 4229 409 4236 ’
475 4207 602 4279 Pulvis
616 4205 716 4280 Ferri
735 4206 856 4280 laetici
875 4229 961 4281 cum
980 4208 1086 4280 acido
1101 4208 1278 4281 sulfurico
1294 4211 1477 4283 contritus
1495 4231 1563 4282 nec

368 4355 434 4425 gas
445 4335 601 4422 evolvat,
614 4355 694 4422 nec,
707 4335 846 4408 diutius
862 4335 1061 4426 sepositus
1080 4337 1242 4408 colorem
1261 4339 1409 4410 luscum
1428 4337 1561 4410 trahat.

478 4461 619 4534 Solutio
631 4482 855 4553 aquosanec
869 4462 1023 4553 plmnbo
1041 4462 1193 4551 arction,
1208 4485 1290 4550 nec,
1305 4466 1413 4537 acido
1428 4465 1562 4556 hydro·

367 4589 528 4661 chlorico
558 4587 755 4677 acidulata,
776 4608 876 4680 aqua
892 4588 1195 4679 hydrosullurata
1213 4598 1378 4664 mutetur
1395 4596 1432 4664 et
1446 4593 1563 4683 baryo

366 4715 498 4790 nitrico
518 4735 594 4787 non
614 4716 699 4808 plus
721 4737 835 4808 quam
855 4715 1044 4787 levissime
1064 4717 1244 4790 turbetur.
