<?xml version="1.0" encoding="UTF-8"?>
<!DOCTYPE html PUBLIC "-//W3C//DTD XHTML 1.0 Transitional//EN"
    "http://www.w3.org/TR/xhtml1/DTD/xhtml1-transitional.dtd">
<html xmlns="http://www.w3.org/1999/xhtml" xml:lang="en" lang="en">
 <head>
  <title>
</title>
<meta http-equiv="Content-Type" content="text/html;charset=utf-8" />
  <meta name='ocr-system' content='tesseract 3.04.00' />
  <meta name='ocr-capabilities' content='ocr_page ocr_carea ocr_par ocr_line ocrx_word'/>
</head>
<body>
  <div class='ocr_page' id='page_1' title='image "./pharmacopoeaaus01unkngoog_0149.png"; bbox 0 0 3600 5534; ppageno 0'>
   <div class='ocr_carea' id='block_1_1' title="bbox 708 535 952 612">
    <p class='ocr_par' dir='ltr' id='par_1_1' title="bbox 708 535 952 612">
     <span class='ocr_line' id='line_1_1' title="bbox 708 535 952 612; baseline 0.008 -3"><span class='ocrx_word' id='word_1_1' title='bbox 708 535 952 612; x_wconf 72' lang='lat'>-119—</span> 
     </span>
    </p>
   </div>
   <div class='ocr_carea' id='block_1_2' title="bbox 572 749 1070 861">
    <p class='ocr_par' dir='ltr' id='par_1_2' title="bbox 572 749 1070 861">
     <span class='ocr_line' id='line_1_2' title="bbox 572 749 1070 861; baseline 0.004 -4"><span class='ocrx_word' id='word_1_2' title='bbox 572 749 723 858; x_wconf 86' lang='lat' dir='ltr'>llolia</span> <span class='ocrx_word' id='word_1_3' title='bbox 753 750 1070 861; x_wconf 87' lang='lat' dir='ltr'>Rosmariui.</span> 
     </span>
    </p>
   </div>
   <div class='ocr_carea' id='block_1_3' title="bbox 225 1009 1425 1232">
    <p class='ocr_par' dir='ltr' id='par_1_3' title="bbox 225 1009 1425 1232">
     <span class='ocr_line' id='line_1_3' title="bbox 338 1009 1425 1107; baseline 0.006 -26"><span class='ocrx_word' id='word_1_4' title='bbox 338 1009 573 1083; x_wconf 79' lang='lat' dir='ltr'>Rosmarinus</span> <span class='ocrx_word' id='word_1_5' title='bbox 613 1011 799 1107; x_wconf 59' lang='lat' dir='ltr'>olficircalis</span> <span class='ocrx_word' id='word_1_6' title='bbox 837 1011 929 1083; x_wconf 93' lang='lat' dir='ltr'>Lin</span> <span class='ocrx_word' id='word_1_7' title='bbox 943 1033 998 1101; x_wconf 91' lang='lat' dir='ltr'>n.,</span> <span class='ocrx_word' id='word_1_8' title='bbox 1042 1013 1163 1084; x_wconf 78' lang='lat' dir='ltr'>frutex</span> <span class='ocrx_word' id='word_1_9' title='bbox 1202 1011 1241 1082; x_wconf 90' lang='lat' dir='ltr'>in</span> <span class='ocrx_word' id='word_1_10' title='bbox 1274 1011 1425 1106; x_wconf 82' lang='lat' dir='ltr'><strong>Europa</strong></span> 
     </span>
     <span class='ocr_line' id='line_1_4' title="bbox 225 1138 1369 1232; baseline 0.001 -22"><span class='ocrx_word' id='word_1_11' title='bbox 225 1138 380 1210; x_wconf 81' lang='lat' dir='ltr'><strong>australi</strong></span> <span class='ocrx_word' id='word_1_12' title='bbox 395 1138 606 1228; x_wconf 71' lang='lat' dir='ltr'>indigenas</span> <span class='ocrx_word' id='word_1_13' title='bbox 624 1139 724 1232; x_wconf 90' lang='lat' dir='ltr'>apud</span> <span class='ocrx_word' id='word_1_14' title='bbox 740 1159 812 1210; x_wconf 85' lang='lat' dir='ltr'>nos</span> <span class='ocrx_word' id='word_1_15' title='bbox 832 1160 911 1210; x_wconf 92' lang='lat' dir='ltr'>non</span> <span class='ocrx_word' id='word_1_16' title='bbox 929 1161 1015 1210; x_wconf 85' lang='lat' dir='ltr'>raro</span> <span class='ocrx_word' id='word_1_17' title='bbox 1036 1139 1170 1212; x_wconf 90' lang='lat' dir='ltr'>cultus.</span> <span class='ocrx_word' id='word_1_18' title='bbox 1191 1138 1369 1212; x_wconf 75' lang='lat' dir='ltr'>Latinior.</span> 
     </span>
    </p>
   </div>
   <div class='ocr_carea' id='block_1_4' title="bbox 224 1299 1423 2138">
    <p class='ocr_par' dir='ltr' id='par_1_4' title="bbox 224 1299 1423 2138">
     <span class='ocr_line' id='line_1_5' title="bbox 333 1299 1423 1390; baseline 0.003 -18"><span class='ocrx_word' id='word_1_19' title='bbox 333 1299 439 1372; x_wconf 88' lang='lat' dir='ltr'>Folia</span> <span class='ocrx_word' id='word_1_20' title='bbox 467 1302 613 1374; x_wconf 86' lang='lat' dir='ltr'>sessilia</span> <span class='ocrx_word' id='word_1_21' title='bbox 639 1301 779 1375; x_wconf 87' lang='lat' dir='ltr'>siccata</span> <span class='ocrx_word' id='word_1_22' title='bbox 804 1301 969 1389; x_wconf 79' lang='lat' dir='ltr'>linearia,</span> <span class='ocrx_word' id='word_1_23' title='bbox 1001 1302 1241 1390; x_wconf 87' lang='lat' dir='ltr'>subacerosa,</span> <span class='ocrx_word' id='word_1_24' title='bbox 1276 1303 1423 1383; x_wconf 79' lang='lat' dir='ltr'>obtusa,</span> 
     </span>
     <span class='ocr_line' id='line_1_6' title="bbox 226 1428 1422 1523; baseline 0.002 -23"><span class='ocrx_word' id='word_1_25' title='bbox 226 1429 392 1520; x_wconf 79' lang='lat' dir='ltr'>margine</span> <span class='ocrx_word' id='word_1_26' title='bbox 411 1428 647 1520; x_wconf 86' lang='lat' dir='ltr'>inlegenimo</span> <span class='ocrx_word' id='word_1_27' title='bbox 666 1430 852 1518; x_wconf 87' lang='lat' dir='ltr'>revoluta,</span> <span class='ocrx_word' id='word_1_28' title='bbox 879 1451 1043 1523; x_wconf 82' lang='lat' dir='ltr'>superne</span> <span class='ocrx_word' id='word_1_29' title='bbox 1072 1451 1250 1518; x_wconf 85' lang='lat' dir='ltr'>convexa,</span> <span class='ocrx_word' id='word_1_30' title='bbox 1280 1431 1422 1522; x_wconf 82' lang='lat' dir='ltr'>glabra,</span> 
     </span>
     <span class='ocr_line' id='line_1_7' title="bbox 225 1555 1423 1648; baseline 0 -20"><span class='ocrx_word' id='word_1_31' title='bbox 225 1556 348 1628; x_wconf 90' lang='lat' dir='ltr'>medio</span> <span class='ocrx_word' id='word_1_32' title='bbox 364 1556 520 1642; x_wconf 89' lang='lat' dir='ltr'>sulcata,</span> <span class='ocrx_word' id='word_1_33' title='bbox 532 1555 656 1643; x_wconf 88' lang='lat' dir='ltr'>nitida,</span> <span class='ocrx_word' id='word_1_34' title='bbox 664 1556 803 1644; x_wconf 90' lang='lat' dir='ltr'>viridia,</span> <span class='ocrx_word' id='word_1_35' title='bbox 816 1578 968 1648; x_wconf 88' lang='lat' dir='ltr'>rugosa,</span> <span class='ocrx_word' id='word_1_36' title='bbox 976 1559 1108 1631; x_wconf 86' lang='lat' dir='ltr'>subtus</span> <span class='ocrx_word' id='word_1_37' title='bbox 1120 1579 1297 1646; x_wconf 90' lang='lat' dir='ltr'>concava,</span> <span class='ocrx_word' id='word_1_38' title='bbox 1308 1579 1423 1630; x_wconf 90' lang='lat' dir='ltr'>nervo</span> 
     </span>
     <span class='ocr_line' id='line_1_8' title="bbox 225 1683 1421 1776; baseline 0.002 -22"><span class='ocrx_word' id='word_1_39' title='bbox 225 1683 401 1776; x_wconf 83' lang='lat' dir='ltr'>primario</span> <span class='ocrx_word' id='word_1_40' title='bbox 420 1683 666 1775; x_wconf 82' lang='lat' dir='ltr'>prominente,</span> <span class='ocrx_word' id='word_1_41' title='bbox 688 1684 851 1756; x_wconf 88' lang='lat' dir='ltr'>albo-vel</span> <span class='ocrx_word' id='word_1_42' title='bbox 870 1684 1236 1774; x_wconf 82' lang='lat' dir='ltr'>griseo-lamentosa,</span> <span class='ocrx_word' id='word_1_43' title='bbox 1261 1684 1344 1776; x_wconf 87' lang='lat' dir='ltr'>pilis</span> <span class='ocrx_word' id='word_1_44' title='bbox 1363 1707 1421 1757; x_wconf 91' lang='lat' dir='ltr'>ra-</span> 
     </span>
     <span class='ocr_line' id='line_1_9' title="bbox 226 1810 1422 1904; baseline -0.001 -22"><span class='ocrx_word' id='word_1_45' title='bbox 226 1811 342 1882; x_wconf 85' lang='lat' dir='ltr'>mosis</span> <span class='ocrx_word' id='word_1_46' title='bbox 363 1815 400 1882; x_wconf 85' lang='lat' dir='ltr'>et</span> <span class='ocrx_word' id='word_1_47' title='bbox 420 1810 607 1901; x_wconf 83' lang='lat' dir='ltr'>glandulis</span> <span class='ocrx_word' id='word_1_48' title='bbox 628 1811 798 1898; x_wconf 88' lang='lat' dir='ltr'>oleit&#39;eris,</span> <span class='ocrx_word' id='word_1_49' title='bbox 825 1833 964 1901; x_wconf 88' lang='lat' dir='ltr'>crassa,</span> <span class='ocrx_word' id='word_1_50' title='bbox 991 1815 1120 1904; x_wconf 90' lang='lat' dir='ltr'>rigida,</span> <span class='ocrx_word' id='word_1_51' title='bbox 1141 1813 1267 1884; x_wconf 88' lang='lat' dir='ltr'>odoris</span> <span class='ocrx_word' id='word_1_52' title='bbox 1287 1813 1422 1903; x_wconf 60' lang='lat' dir='ltr'>gravis</span> 
     </span>
     <span class='ocr_line' id='line_1_10' title="bbox 225 1937 1421 2030; baseline 0.002 -20"><span class='ocrx_word' id='word_1_53' title='bbox 225 1937 429 2026; x_wconf 79' lang='lat' dir='ltr'>aromatici,</span> <span class='ocrx_word' id='word_1_54' title='bbox 458 1938 728 2030; x_wconf 89' lang='lat' dir='ltr'>camphoracei,</span> <span class='ocrx_word' id='word_1_55' title='bbox 759 1940 907 2030; x_wconf 87' lang='lat' dir='ltr'>saporis</span> <span class='ocrx_word' id='word_1_56' title='bbox 937 1940 1147 2026; x_wconf 77' lang='lat' dir='ltr'>aromatici,</span> <span class='ocrx_word' id='word_1_57' title='bbox 1177 1939 1284 2027; x_wconf 75' lang='lat' dir='ltr'>acria,</span> <span class='ocrx_word' id='word_1_58' title='bbox 1319 1961 1421 2012; x_wconf 89' lang='lat' dir='ltr'>ama-</span> 
     </span>
     <span class='ocr_line' id='line_1_11' title="bbox 224 2064 386 2138; baseline -0.012 0"><span class='ocrx_word' id='word_1_59' title='bbox 224 2064 386 2138; x_wconf 88' lang='lat' dir='ltr'>riuscnli.</span> 
     </span>
    </p>
   </div>
   <div class='ocr_carea' id='block_1_5' title="bbox 334 2208 931 2304">
    <p class='ocr_par' dir='ltr' id='par_1_5' title="bbox 334 2208 931 2304">
     <span class='ocr_line' id='line_1_12' title="bbox 334 2208 931 2304; baseline 0 -22"><span class='ocrx_word' id='word_1_60' title='bbox 334 2208 503 2304; x_wconf 72' lang='lat' dir='ltr'>Spiritus.</span> <span class='ocrx_word' id='word_1_61' title='bbox 532 2212 670 2282; x_wconf 79' lang='lat' dir='ltr'>Arctum</span> <span class='ocrx_word' id='word_1_62' title='bbox 691 2213 931 2283; x_wconf 70' lang='lat' dir='ltr'>(trummacum.</span> 
     </span>
    </p>
   </div>
   <div class='ocr_carea' id='block_1_6' title="bbox 619 2657 1031 2821">
    <p class='ocr_par' dir='ltr' id='par_1_6' title="bbox 619 2657 1031 2821">
     <span class='ocr_line' id='line_1_13' title="bbox 619 2657 1031 2821; baseline -0.005 -1"><span class='ocrx_word' id='word_1_63' title='bbox 619 2657 771 2820; x_wconf 75' lang='lat' dir='ltr'>llolia</span> <span class='ocrx_word' id='word_1_64' title='bbox 796 2712 1031 2821; x_wconf 77' lang='lat' dir='ltr'>Salviae.</span> 
     </span>
    </p>
   </div>
   <div class='ocr_carea' id='block_1_7' title="bbox 223 2974 1417 3195">
    <p class='ocr_par' dir='ltr' id='par_1_7' title="bbox 223 2974 1417 3195">
     <span class='ocr_line' id='line_1_14' title="bbox 333 2974 1417 3070; baseline 0.005 -25"><span class='ocrx_word' id='word_1_65' title='bbox 333 2975 452 3048; x_wconf 72' lang='lat' dir='ltr'>Satala</span> <span class='ocrx_word' id='word_1_66' title='bbox 473 2974 659 3070; x_wconf 78' lang='lat' dir='ltr'>officinalis</span> <span class='ocrx_word' id='word_1_67' title='bbox 692 2974 822 3060; x_wconf 75' lang='lat' dir='ltr'>Linn,</span> <span class='ocrx_word' id='word_1_68' title='bbox 844 2974 973 3065; x_wconf 88' lang='lat' dir='ltr'>planta</span> <span class='ocrx_word' id='word_1_69' title='bbox 1001 2975 1286 3065; x_wconf 86' lang='lat' dir='ltr'>mediterranea,</span> <span class='ocrx_word' id='word_1_70' title='bbox 1317 2979 1417 3070; x_wconf 88' lang='lat' dir='ltr'>apud</span> 
     </span>
     <span class='ocr_line' id='line_1_15' title="bbox 223 3101 1055 3195; baseline -0.005 -17"><span class='ocrx_word' id='word_1_71' title='bbox 223 3128 294 3178; x_wconf 90' lang='lat' dir='ltr'>nos</span> <span class='ocrx_word' id='word_1_72' title='bbox 314 3106 353 3178; x_wconf 90' lang='lat' dir='ltr'>in</span> <span class='ocrx_word' id='word_1_73' title='bbox 372 3105 491 3177; x_wconf 89' lang='lat' dir='ltr'>hortis</span> <span class='ocrx_word' id='word_1_74' title='bbox 511 3104 726 3195; x_wconf 82' lang='lat' dir='ltr'>frequenter</span> <span class='ocrx_word' id='word_1_75' title='bbox 746 3103 854 3175; x_wconf 91' lang='lat' dir='ltr'>culta.</span> <span class='ocrx_word' id='word_1_76' title='bbox 876 3101 1055 3176; x_wconf 75' lang='lat' dir='ltr'>erbr&#39;alae.</span> 
     </span>
    </p>
   </div>
   <div class='ocr_carea' id='block_1_8' title="bbox 158 3265 1419 4376">
    <p class='ocr_par' dir='ltr' id='par_1_8' title="bbox 158 3265 1419 4249">
     <span class='ocr_line' id='line_1_16' title="bbox 333 3265 1418 3358; baseline 0.001 -18"><span class='ocrx_word' id='word_1_77' title='bbox 333 3268 435 3340; x_wconf 86' lang='lat' dir='ltr'>Folia</span> <span class='ocrx_word' id='word_1_78' title='bbox 453 3266 640 3358; x_wconf 74' lang='lat' dir='ltr'>pallulam,</span> <span class='ocrx_word' id='word_1_79' title='bbox 666 3266 742 3337; x_wconf 88' lang='lat' dir='ltr'>ima</span> <span class='ocrx_word' id='word_1_80' title='bbox 765 3265 875 3355; x_wconf 86' lang='lat' dir='ltr'>longe</span> <span class='ocrx_word' id='word_1_81' title='bbox 901 3267 1088 3357; x_wconf 87' lang='lat' dir='ltr'>petiolata,</span> <span class='ocrx_word' id='word_1_82' title='bbox 1110 3267 1281 3358; x_wconf 86' lang='lat' dir='ltr'>oblonga.</span> <span class='ocrx_word' id='word_1_83' title='bbox 1298 3270 1418 3341; x_wconf 88' lang='lat' dir='ltr'>lance-</span> 
     </span>
     <span class='ocr_line' id='line_1_17' title="bbox 158 3377 1419 3488; baseline 0.002 -22"><span class='ocrx_word' id='word_1_84' title='bbox 158 3377 162 3384; x_wconf 61' lang='grc'><strong>’</strong></span> <span class='ocrx_word' id='word_1_85' title='bbox 223 3396 323 3468; x_wconf 90' lang='lat' dir='ltr'>olata</span> <span class='ocrx_word' id='word_1_86' title='bbox 349 3396 407 3468; x_wconf 88' lang='lat' dir='ltr'>vel</span> <span class='ocrx_word' id='word_1_87' title='bbox 436 3395 567 3480; x_wconf 82' lang='lat' dir='ltr'>oralia,</span> <span class='ocrx_word' id='word_1_88' title='bbox 598 3392 760 3484; x_wconf 84' lang='lat' dir='ltr'>quinque</span> <span class='ocrx_word' id='word_1_89' title='bbox 790 3394 838 3464; x_wconf 89' lang='lat' dir='ltr'>ad</span> <span class='ocrx_word' id='word_1_90' title='bbox 868 3399 1015 3485; x_wconf 83' lang='lat' dir='ltr'>septem</span> <span class='ocrx_word' id='word_1_91' title='bbox 1050 3396 1268 3467; x_wconf 88' lang='lat' dir='ltr'>centimetra</span> <span class='ocrx_word' id='word_1_92' title='bbox 1297 3396 1419 3488; x_wconf 89' lang='lat' dir='ltr'>longa,</span> 
     </span>
     <span class='ocr_line' id='line_1_18' title="bbox 223 3520 1419 3610; baseline 0 -16"><span class='ocrx_word' id='word_1_93' title='bbox 223 3528 333 3596; x_wconf 87' lang='lat' dir='ltr'>acuta</span> <span class='ocrx_word' id='word_1_94' title='bbox 352 3523 411 3596; x_wconf 88' lang='lat' dir='ltr'>vel</span> <span class='ocrx_word' id='word_1_95' title='bbox 430 3522 576 3610; x_wconf 89' lang='lat' dir='ltr'>obtusa,</span> <span class='ocrx_word' id='word_1_96' title='bbox 606 3520 688 3591; x_wconf 87' lang='lat' dir='ltr'>basi</span> <span class='ocrx_word' id='word_1_97' title='bbox 718 3526 923 3608; x_wconf 88' lang='lat' dir='ltr'>attenuata,</span> <span class='ocrx_word' id='word_1_98' title='bbox 952 3522 1155 3593; x_wconf 86' lang='lat' dir='ltr'>rotundata</span> <span class='ocrx_word' id='word_1_99' title='bbox 1182 3529 1248 3594; x_wconf 92' lang='lat' dir='ltr'>aut</span> <span class='ocrx_word' id='word_1_100' title='bbox 1267 3523 1419 3594; x_wconf 87' lang='lat' dir='ltr'>subcor-</span> 
     </span>
     <span class='ocr_line' id='line_1_19' title="bbox 220 3647 1416 3741; baseline 0.001 -20"><span class='ocrx_word' id='word_1_101' title='bbox 220 3651 319 3738; x_wconf 86' lang='lat' dir='ltr'>data,</span> <span class='ocrx_word' id='word_1_102' title='bbox 352 3649 497 3741; x_wconf 89' lang='lat' dir='ltr'>passim</span> <span class='ocrx_word' id='word_1_103' title='bbox 531 3647 748 3737; x_wconf 87' lang='lat' dir='ltr'>auriculala,</span> <span class='ocrx_word' id='word_1_104' title='bbox 782 3647 950 3739; x_wconf 84' lang='lat' dir='ltr'>margine</span> <span class='ocrx_word' id='word_1_105' title='bbox 985 3651 1186 3735; x_wconf 86' lang='lat' dir='ltr'>crennlata,</span> <span class='ocrx_word' id='word_1_106' title='bbox 1220 3651 1416 3740; x_wconf 83' lang='lat' dir='ltr'>superficie</span> 
     </span>
     <span class='ocr_line' id='line_1_20' title="bbox 220 3775 1415 3870; baseline 0.001 -22"><span class='ocrx_word' id='word_1_107' title='bbox 220 3777 424 3870; x_wconf 84' lang='lat' dir='ltr'>aequaliter</span> <span class='ocrx_word' id='word_1_108' title='bbox 469 3775 641 3848; x_wconf 91' lang='lat' dir='ltr'>minutim</span> <span class='ocrx_word' id='word_1_109' title='bbox 678 3797 989 3866; x_wconf 78' lang='lat' dir='ltr'>vadoso-rugosa.</span> <span class='ocrx_word' id='word_1_110' title='bbox 1029 3777 1131 3848; x_wconf 85' lang='lat' dir='ltr'>albo·</span> <span class='ocrx_word' id='word_1_111' title='bbox 1172 3782 1237 3849; x_wconf 87' lang='lat' dir='ltr'>aut</span> <span class='ocrx_word' id='word_1_112' title='bbox 1274 3778 1415 3868; x_wconf 87' lang='lat' dir='ltr'>griseo-</span> 
     </span>
     <span class='ocr_line' id='line_1_21' title="bbox 220 3903 1418 3995; baseline 0.002 -19"><span class='ocrx_word' id='word_1_113' title='bbox 220 3908 440 3992; x_wconf 89' lang='lat' dir='ltr'>tomentosa,</span> <span class='ocrx_word' id='word_1_114' title='bbox 469 3903 528 3975; x_wconf 89' lang='lat' dir='ltr'>vel</span> <span class='ocrx_word' id='word_1_115' title='bbox 556 3924 718 3995; x_wconf 86' lang='lat' dir='ltr'>superne</span> <span class='ocrx_word' id='word_1_116' title='bbox 739 3904 952 3994; x_wconf 85' lang='lat' dir='ltr'>subglabra,</span> <span class='ocrx_word' id='word_1_117' title='bbox 973 3904 1106 3975; x_wconf 88' lang='lat' dir='ltr'>subtus</span> <span class='ocrx_word' id='word_1_118' title='bbox 1135 3905 1418 3995; x_wconf 86' lang='lat' dir='ltr'>griseo-tomen-</span> 
     </span>
     <span class='ocr_line' id='line_1_22' title="bbox 220 4029 1417 4123; baseline 0 -20"><span class='ocrx_word' id='word_1_119' title='bbox 220 4037 317 4120; x_wconf 90' lang='lat' dir='ltr'>losa,</span> <span class='ocrx_word' id='word_1_120' title='bbox 357 4029 622 4116; x_wconf 87' lang='lat' dir='ltr'>crassiuscula,</span> <span class='ocrx_word' id='word_1_121' title='bbox 661 4030 786 4102; x_wconf 84' lang='lat' dir='ltr'>odoris</span> <span class='ocrx_word' id='word_1_122' title='bbox 825 4031 1027 4118; x_wconf 84' lang='lat' dir='ltr'>balsamici,</span> <span class='ocrx_word' id='word_1_123' title='bbox 1073 4031 1417 4123; x_wconf 83' lang='lat' dir='ltr'>subcamphoracei,</span> 
     </span>
     <span class='ocr_line' id='line_1_23' title="bbox 220 4157 1082 4249; baseline 0.001 -20"><span class='ocrx_word' id='word_1_124' title='bbox 220 4157 366 4248; x_wconf 88' lang='lat' dir='ltr'>saporis</span> <span class='ocrx_word' id='word_1_125' title='bbox 386 4157 727 4230; x_wconf 84' lang='lat' dir='ltr'>amaro-aromatici</span> <span class='ocrx_word' id='word_1_126' title='bbox 747 4162 783 4228; x_wconf 92' lang='lat' dir='ltr'>et</span> <span class='ocrx_word' id='word_1_127' title='bbox 803 4158 1082 4249; x_wconf 82' lang='lat' dir='ltr'>adstringentis</span> 
     </span>
    </p>

    <p class='ocr_par' dir='ltr' id='par_1_9' title="bbox 329 4285 1415 4376">
     <span class='ocr_line' id='line_1_24' title="bbox 329 4285 1415 4376; baseline 0.002 -20"><span class='ocrx_word' id='word_1_128' title='bbox 329 4285 407 4358; x_wconf 86' lang='lat' dir='ltr'>Sub</span> <span class='ocrx_word' id='word_1_129' title='bbox 422 4286 556 4357; x_wconf 77' lang='lat' dir='ltr'>florum</span> <span class='ocrx_word' id='word_1_130' title='bbox 573 4285 722 4356; x_wconf 83' lang='lat' dir='ltr'>anthesi</span> <span class='ocrx_word' id='word_1_131' title='bbox 738 4285 947 4376; x_wconf 83' lang='lat' dir='ltr'>colligenda</span> <span class='ocrx_word' id='word_1_132' title='bbox 963 4292 999 4358; x_wconf 86' lang='lat' dir='ltr'>et</span> <span class='ocrx_word' id='word_1_133' title='bbox 1010 4287 1147 4357; x_wconf 88' lang='lat' dir='ltr'>siccata</span> <span class='ocrx_word' id='word_1_134' title='bbox 1158 4286 1415 4358; x_wconf 82' lang='lat' dir='ltr'>adhibeantur.</span> 
     </span>
    </p>
   </div>
   <div class='ocr_carea' id='block_1_9' title="bbox 222 4449 1416 4775">
    <p class='ocr_par' dir='ltr' id='par_1_10' title="bbox 222 4449 1416 4775">
     <span class='ocr_line' id='line_1_25' title="bbox 330 4449 1413 4546; baseline 0.002 -26"><span class='ocrx_word' id='word_1_135' title='bbox 330 4449 447 4546; x_wconf 78' lang='lat' dir='ltr'>Aqua.</span> <span class='ocrx_word' id='word_1_136' title='bbox 469 4451 607 4520; x_wconf 79' lang='lat' dir='ltr'>Acelum</span> <span class='ocrx_word' id='word_1_137' title='bbox 629 4450 865 4520; x_wconf 78' lang='lat' dir='ltr'>oronmlicum.</span> <span class='ocrx_word' id='word_1_138' title='bbox 886 4451 994 4545; x_wconf 82' lang='lat' dir='ltr'>Aqua</span> <span class='ocrx_word' id='word_1_139' title='bbox 1007 4451 1198 4522; x_wconf 78' lang='lat' dir='ltr'>aronratirn</span> <span class='ocrx_word' id='word_1_140' title='bbox 1212 4451 1413 4543; x_wconf 74' lang='lat' dir='ltr'>spirituum.</span> 
     </span>
     <span class='ocr_line' id='line_1_26' title="bbox 222 4575 1416 4671; baseline 0.003 -24"><span class='ocrx_word' id='word_1_141' title='bbox 222 4575 455 4648; x_wconf 75' lang='lat' dir='ltr'>Elccluurinm</span> <span class='ocrx_word' id='word_1_142' title='bbox 482 4578 719 4648; x_wconf 67' lang='lat' dir='ltr'>[trauvaticum.</span> <span class='ocrx_word' id='word_1_143' title='bbox 747 4576 871 4648; x_wconf 78' lang='lat' dir='ltr'>I’alm&#39;s</span> <span class='ocrx_word' id='word_1_144' title='bbox 899 4577 1118 4669; x_wconf 70' lang='lat' dir='ltr'>dentifricius</span> <span class='ocrx_word' id='word_1_145' title='bbox 1144 4579 1250 4671; x_wconf 59' lang='lat' dir='ltr'>nissen</span> <span class='ocrx_word' id='word_1_146' title='bbox 1283 4577 1416 4670; x_wconf 73' lang='lat' dir='ltr'>Species</span> 
     </span>
     <span class='ocr_line' id='line_1_27' title="bbox 222 4705 439 4775; baseline 0 -1"><span class='ocrx_word' id='word_1_147' title='bbox 222 4705 439 4775; x_wconf 77' lang='lat' dir='ltr'>aromaticae.</span> 
     </span>
    </p>
   </div>
   <div class='ocr_carea' id='block_1_10' title="bbox 0 0 1804 5534">
    <p class='ocr_par' dir='ltr' id='par_1_11' title="bbox 0 0 1804 5534">
     <span class='ocr_line' id='line_1_28' title="bbox 0 0 1804 5534; baseline 0 0"><span class='ocrx_word' id='word_1_148' title='bbox 0 0 1804 5534; x_wconf 95' lang='lat' dir='ltr'> </span> 
     </span>
    </p>
   </div>
  </div>
 </body>
</html>
