3600 5534
709 559 919 633 „53-

324 775 598 869 Centigramma
617 778 767 852 Cocaini
788 777 1059 870 hydrochlorici
1077 781 1121 879 in
1132 780 1294 872 quinque
1310 780 1406 853 deci·

215 903 393 996 grammis
431 925 552 996 aquae
591 907 755 979 solutum
793 907 948 980 rubrum
990 909 1152 981 colorem
1194 929 1261 1000 per
1297 908 1409 981 breve

213 1036 362 1124 tempus
373 1031 502 1120 induit,
514 1031 545 1106 si
556 1039 662 1125 gutta
676 1055 753 1106 una
767 1033 964 1107 solutionis
981 1035 1065 1107 kalii
1081 1036 1408 1128 hypermanganici

217 1160 250 1250 (1
273 1182 280 1230 :
301 1159 418 1249 1000)
449 1159 684 1250 admiscetur,
713 1161 831 1234 trihus
860 1163 920 1235 vel
940 1167 1101 1254 quatuor
1129 1162 1242 1254 guttis
1272 1163 1408 1236 additis

214 1285 316 1358 idem
349 1287 451 1358 color
483 1287 629 1380 longius
657 1293 808 1382 tempus
846 1288 1020 1381 persistit,
1056 1291 1146 1382 quin
1179 1311 1410 1382 mangauum

215 1413 538 1506 hyperoxydatum
577 1414 801 1490 demittatur.
852 1415 994 1489 Solutio
1033 1423 1285 1508 concontrata,
1324 1440 1409 1491 curn

216 1545 320 1631 gutta
335 1561 411 1613 uua
430 1542 627 1615 solutionis
643 1543 730 1616 halii
750 1543 1081 1636 hypermanganici
1097 1546 1131 1636 (1
1148 1567 1156 1616 :
1172 1546 1262 1636 100)
1283 1547 1408 1636 mixta,

216 1669 342 1743 statim
356 1669 605 1742 sedimenturn
625 1671 1008 1762 microcrystallinum,
1029 1671 1235 1746 violaceum
1256 1673 1409 1746 Cocaiui

215 1796 543 1890 hypermanganici
563 1797 725 1890 deponit.

325 1941 467 2015 Solutio
506 1963 652 2034 aquosa
690 1942 849 2033 Cocaini,
892 1943 1020 2016 addita
1066 1965 1143 2017 una
1185 1950 1288 2036 gutta
1326 1901 1409 2020 ferri

214 2069 509 2162 sesquichlorati,
543 2070 705 2142 colorem
732 2071 857 2144 trahat
884 2072 1038 2160 luteum,
1073 2072 1223 2144 minime
1245 2095 1290 2146 ex
1320 2075 1407 2147 sub·

214 2197 385 2270 caeruleo
406 2195 560 2270 viridem
580 2201 645 2270 aut
664 2198 889 2271 caeruleum.

325 2343 538 2417 Solutiones
586 2342 737 2417 Cocaini
791 2365 879 2416 mox
931 2345 1264 2438 decomponuntur,
1323 2346 1409 2419 hinc

213 2470 363 2546 nonnisi
389 2471 435 2543 ad
456 2471 773 2564 dispensationem
792 2477 969 2564 parentur
988 2478 1025 2546 11
1052 2473 1135 2545 1111
1164 2473 1299 2566 frigido
1330 2497 1407 2548 ser·

215 2605 356 2674 ventur.

574 3045 1064 3192 volrd'marm.

323 3311 495 3404 Crystalli
514 3311 717 3385 aciculares
746 3312 893 3404 longae,
912 3311 1103 3401 flexibiles
1124 3313 1232 3385 serici
1251 3311 1409 3385 nitorem

216 3439 442 3527 exhibentes,
487 3437 690 3526 decolores
739 3438 940 3511 calefactae
987 3439 1199 3531 liquescunt
1245 3444 1282 3513 et
1328 3441 1409 3513 siue

215 3569 364 3643 residuo
403 3573 617 3661 evaporant,
663 3567 770 3641 facile
809 3569 1007 3642 solvuntur
1043 3567 1082 3641 in
1120 3590 1220 3660 aqna
1256 3568 1409 3657 fervida,

217 3697 412 3770 difficulter
425 3696 463 3769 in
478 3695 620 3788 frigida,
639 3695 782 3769 facilius
802 3696 841 3768 in
861 3695 1133 3784 chlorofonnio,
1158 3697 1284 3769 minus
1303 3696 1409 3769 111111

215 3824 252 3896 in
270 3823 402 3917 spiritu
435 3822 521 3912 vini,
555 3843 688 3915 parurn
720 3822 759 3894 in
792 3821 952 3894 aethere.
987 3821 1128 3924 Solutio
1164 3843 1319 3915 aquosa,
1349 3843 1408 3895 re-

216 3951 370 4025 actionis
396 3950 574 4038 neutrius
610 3954 666 4024 est
701 3949 847 4041 saporis
882 3949 1082 4021 subamari.
1116 3948 1335 4041 Codtinum,
1370 3950 1408 4023 in

215 4099 314 4172 aqua
324 4077 441 4150 chlori
452 4080 617 4152 solutum
633 4083 671 4152 et
685 4078 869 4152 solutione
884 4077 923 4148 in
933 4077 1066 4150 balneo
1078 4099 1199 4170 aquae
1211 4079 1407 4167 exsiccata,

214 4207 405 4280 residuum
442 4228 488 4280 ex
524 4206 634 4280 rutilo
672 4205 811 4278 llavmn
849 4204 1031 4293 exhibeat
1070 4205 1170 4296 quod
1208 4205 1409 4298 vaporibus

216 4335 426 4408 ammoniae
472 4333 685 4426 expositum
732 4336 798 4405 aut
844 4331 1034 4403 ammonia
1076 4331 1333 4406 humectatum
1371 4332 1409 4404 in

216 4463 379 4535 colorem
397 4481 628 4555 purpureum
648 4459 795 4532 transit.

323 4607 442 4680 Acido
463 4606 641 4680 sulfurico
663 4610 904 4679 concentrato
924 4607 1180 4679 humectatum
1200 4606 1409 4713 Coffe'inum

216 4757 261 4808 ne
283 4737 426 4810 coloret
474 4793 482 4808 .
