3600 5534
686 551 928 624 -tb5-

205 768 450 860 plurivittatis,
479 770 604 843 odoris
638 769 833 861 peculiaris
868 772 1071 858 aromatici,
1102 773 1249 864 saporis
1274 771 1402 845 fervidi

202 895 332 984 Juncta
353 896 558 968 dulcedine.

314 1022 369 1095 Sit
397 1029 578 1115 quantum
608 1023 686 1095 fieri
706 1027 831 1115 potest
846 1023 1031 1114 stipitibus
1046 1028 1083 1095 et
1102 1025 1259 1114 glebulis
1275 1027 1402 1099 terreis

205 1151 359 1243 aliisque
381 1150 586 1242 quisquiliis
606 1149 707 1222 liber.

314 1277 412 1349 Cave
430 1298 477 1349 ne
497 1297 600 1347 merx
622 1277 823 1348 commixta
843 1276 979 1350 habeat
1009 1278 1265 1371 schizocarpia
1298 1279 1402 1351 Canii

208 1404 374 1475 macalati
413 1403 585 1495 (Lina),
625 1425 720 1494 quac
767 1404 872 1476 lacile
897 1404 1174 1496 distinguuntur
1207 1408 1402 1500 superficie

205 1551 361 1622 prorsus
396 1530 535 1621 glabra,
569 1531 683 1602 costis
721 1531 828 1602 valde
867 1531 1162 1622 prominentibus
1200 1533 1400 1606 undulato-

206 1658 417 1746 crenulatis,
452 1657 640 1729 valleculis
671 1659 850 1762 evittatiS,
878 1657 994 1730 odore
1034 1657 1272 1751 (humectatis
1301 1662 1399 1734 kalio

207 1785 508 1875 hydrooxydatol
530 1785 670 1856 herbae
684 1784 790 1857 Conii
810 1791 846 1858 et
862 1806 997 1876 sapore
1013 1784 1164 1856 minime
1182 1788 1398 1860 aromatico.

314 1909 480 2005 Spiritus
511 1911 695 1984 Decoctum
716 1910 978 2005 Sursupurilluc
1010 1915 1231 2006 corapositum
1258 1913 1400 2007 fortius.

205 2039 347 2110 Piluluc
362 2037 530 2110 tumulatae.

503 2434 728 2541 llructus
756 2431 1108 2541 Cardamomi.

311 2690 484 2762 Elctturiu
509 2662 777 2762 Cur·dumormuu
798 2693 945 2765 White
965 2699 1002 2764 et
1021 2693 1183 2781 Maron,
1203 2696 1332 2786 planta
1358 2697 1397 2766 in

203 2819 307 2890 silvis
327 2819 516 2891 montanis
536 2819 760 2890 Melabariue
782 2826 1001 2912 spontanea.
1022 2819 1295 2916 Zinpiberuceoc.

306 2946 490 3038 Capsulae
512 2947 639 3017 ovales
670 2953 732 3017 aut
762 2947 956 3038 oblongae,
981 2947 1113 3020 obtuse
1135 2949 1315 3040 trigonae,
1341 2972 1397 3021 ro·

202 3075 309 3146 stello
337 3073 451 3164 brevi,
480 3077 663 3159 truncato,
693 3095 844 3145 sursum
874 3075 1042 3146 tubulato
1071 3082 1282 3165 coronatae,
1316 3079 1398 3149 basi

201 3201 419 3293 plerumque
459 3201 681 3272 rotundatae
718 3205 754 3271 et
781 3202 924 3292 passim
956 3202 1116 3273 breviter
1144 3204 1397 3302 pedicellatae‚

201 3350 318 3400 unum
338 3326 386 3399 ad
408 3327 482 3398 duo
504 3326 722 3399 centimetra
741 3327 885 3418 longae,
902 3329 1109 3420 pericarpio
1121 3335 1229 3402 extus
1240 3333 1398 3423 longitu-

202 3454 371 3526 dinaliter
391 3453 533 3540 striato,
555 3454 690 3526 coloris
720 3455 911 3526 straminei
936 3457 995 3527 vel
1024 3457 1267 3545 tlavescentis,
1289 3458 1395 3530 char-

200 3587 317 3668 taceo
334 3581 465 3668 tenaci,
482 3581 725 3668 trilocularea
741 3582 779 3652 in
794 3581 950 3672 singulis
966 3584 1225 3654 loculamentis
1237 3585 1398 3676 plerum-

204 3731 274 3801 que
294 3709 502 3780 seminibus
519 3707 693 3800 quinque,
710 3709 959 3800 irregulariter
974 3711 1170 3799 angulatis
1186 3717 1397 3785 transverse

200 3835 358 3927 rugosis,
379 3835 468 3908 binc
488 3838 593 3908 sulco
614 3837 786 3926 exaratis
816 3859 861 3908 ex
889 3838 1002 3908 rubro
1030 3837 1155 3925 hiscis
1184 3839 1288 3911 arillo
1317 3845 1394 3911 ten-

199 3963 358 4034 nerrirno
372 3965 659 4036 membranaceo
672 3964 947 4051 vestitisfduris,
958 3963 1058 4034 intus
1070 3965 1175 4052 albis
1185 3967 1396 4056 amylaceis

200 4089 324 4161 odoris
344 4091 505 4180 pergrati
526 4095 561 4161 et
581 4091 725 4162 intense
752 4091 955 4179 aromatici,
986 4091 1132 4183 saporis
1149 4092 1288 4164 fervide
1310 4115 1390 4165 aro-

201 4217 335 4288 matici.

307 4343 528 4416 Adhibenda
557 4341 698 4420 Sanina
718 4344 853 4436 rejecto
883 4346 1089 4436 pericarpio
1119 4346 1244 4417 odoris
1273 4351 1309 4418 et
1335 4369 1393 4418 sa-

200 4471 298 4561 poris
337 4471 490 4563 experti.
535 4471 736 4562 Rejiciatur
773 4493 878 4545 rnerx
924 4472 1045 4543 minus
1084 4473 1287 4544 aromatica
1326 4473 1395 4544 sub

200 4598 348 4670 nornine
384 4597 654 4669 Cordumouurm
689 4599 827 4684 (ortuum
867 4601 925 4670 vel
970 4600 1189 4693 t'cpluniruur.
1214 4605 1313 4687 nota,
1349 4585 1403 4672 siss

201 4729 303 4796 stens
333 4727 507 4816 capsulas
537 4727 654 4798 multo
698 4726 915 4812 validioreS,
958 4727 1176 4818 plerumque
1211 4734 1394 4815 arcuatam,
