3600 5534
728 522 973 595 -b59-

354 738 467 813 Gutta
491 739 690 813 solutionis
719 739 846 811 acidae
875 738 914 811 in
943 739 1083 813 lamina
1109 740 1275 833 platinea
1294 742 1443 831 stillata,

245 866 390 957 adjecto
416 867 572 959 granulo
597 866 690 940 zinci
714 866 890 939 metallici
915 866 1013 939 hanc
1040 869 1189 943 macula
1216 869 1323 961 nigra
1349 870 1441 943 anti·

243 994 369 1067 monio
390 994 544 1067 reducto
565 994 760 1067 efformata
780 993 943 1066 obducit.

315 1280 914 1419 Slrnohmmom
947 1279 1368 1395 climacum.

353 1504 526 1594 Crystalli
541 1504 710 1595 graciles
726 1504 843 1589 albae,
865 1503 1007 1577 sericeo
1023 1504 1275 1596 splendentes,
1296 1507 1443 1599 saporis

244 1632 478 1719 amarissimi,
497 1632 536 1704 in
556 1653 656 1723 aqua
675 1637 712 1705 et
740 1632 873 1724 spiritu
892 1632 969 1703 vini
988 1630 1157 1704 bullienti
1176 1632 1295 1721 facile,
1316 1632 1443 1705 diffici-

243 1757 315 1831 lius
333 1759 371 1831 in
391 1780 490 1851 aqua
509 1763 546 1831 et
574 1758 706 1851 spiritu
725 1757 801 1830 vini
821 1758 964 1851 frigido,
993 1779 1062 1831 nec
1091 1759 1226 1831 nonin
1254 1760 1443 1851 glycerino

243 1885 432 1959 solubiles.
473 1885 615 1958 Solutio
650 1907 796 1978 aquosa
833 1886 1004 1959 chartam
1042 1887 1328 1979 exploratoriam
1366 1908 1442 1960 non

242 2018 370 2101 mutat,
410 2013 536 2087 addito
565 2012 663 2085 kalio
691 2013 975 2105 hydrooxydato
1006 2015 1130 2087 soluto
1159 2014 1442 2106 praecipitatum

242 2140 377 2231 album,
412 2141 741 2233 superabundante
794 2145 970 2233 reagente
1018 2141 1228 2229 insolubile,
1276 2141 1440 2233 deponit.

243 2268 448 2360 Crystallus
469 2268 681 2359 Strychnini
707 2268 839 2358 uitrici,
869 2270 908 2343 in
936 2270 1086 2342 acidum
1111 2269 1442 2361 hydroohloricum

243 2395 425 2469 ebulliens
453 2394 641 2485 immersa,
676 2396 762 2468 huic
796 2397 960 2469 colorem
988 2396 1141 2470 rubrum
1176 2397 1317 2482 tribuit;
1356 2418 1442 2469 curn

242 2523 348 2597 acido
359 2523 536 2595 sulfurico
548 2528 787 2596 concentrato
803 2523 1030 2596 solutionem
1046 2524 1256 2597 decolorem
1270 2525 1440 2618 praebet;

242 2670 326 2722 cnm
359 2649 467 2722 acido
496 2652 628 2724 nitrico
649 2650 806 2723 contrita
835 2650 997 2722 colorem
1026 2652 1247 2738 subflavum,
1276 2674 1323 2724 ne
1352 2673 1440 2725 vero

241 2778 393 2849 rubrum
412 2776 595 2851 exhibeat.

349 2904 491 2977 Solutio
516 2926 662 2997 aquosa
690 2911 939 2995 concentrata,
969 2904 1096 2979 addito
1125 2905 1223 2977 kalio
1252 2905 1440 2977 chromico

240 3032 374 3123 soluto,
393 3031 676 3125 praecipitatum
696 3033 855 3106 demittit
873 3032 986 3105 rubro
1012 3033 1150 3104 ssavum
1170 3032 1439 3123 crystallinum,

241 3160 341 3251 quod
371 3159 477 3231 acido
508 3160 684 3233 sulfurico
712 3165 949 3233 concentrato
979 3159 1245 3247 humectatum,
1275 3159 1439 3232 colorem

241 3287 455 3361 caeruleum
474 3288 522 3359 ad
540 3287 748 3360 violaceum
768 3288 880 3360 ducit.

347 3413 505 3506 Ignitum
525 3415 714 3506 deflagrat,
735 3414 827 3487 nihil
845 3413 984 3487 residui
1002 3414 1228 3505 relinquens

603 3698 802 3839 Styrax
828 3698 1083 3840 liquidus·

348 3922 610 4019 Liquidombor
629 3924 810 3995 orientalis
829 3924 985 4011 Miller,
1006 3923 1119 3995 arbor·
1137 3923 1249 3995 Asiae
1271 3922 1435 3996 minoris,
1483 3916 1486 3921 ’

237 4050 535 4123 Homamelidcoc.

345 4178 573 4267 balsamum,
613 4202 632 4250 e
662 4180 798 4253 cortice
827 4183 1102 4272 praeparatum,
1142 4177 1241 4249 sistit
1269 4199 1436 4250 massam

237 4305 563 4396 tenaci-liquidam,
580 4306 815 4397 glutinosam,
827 4306 865 4378 in
881 4327 980 4397 aqua
996 4304 1273 4395 demergentem
1294 4308 1332 4376 et
1351 4326 1436 4377 cum

236 4432 401 4525 pauxillo
430 4454 550 4525 aquae
588 4434 821 4525 permixtam,
855 4432 1054 4517 turbidam,
1094 4432 1229 4505 coloris
1259 4452 1279 4504 e
1312 4431 1435 4523 griseo

237 4559 633 4649 discescentiS,odoris
644 4559 1223 4653 peculiaris,fragrantissaporis
1235 4558 1434 4645 aromatici,

238 4688 563 4761 subamaricantis.

1167 4824 1215 4877 n*
