3600 5534
585 1246 1103 1415 Corrigenda.

294 1563 342 1643 In
366 1563 707 1666 subsequentibus
731 1563 910 1644 articulis
933 1565 1191 1644 emendenda
1211 1563 1386 1647 veniunt„

792 1812 899 1822 —-—-

354 1959 616 2052 Antipyriuum
650 1983 735 2053 pag.
771 1961 818 2032 ii
856 1960 1012 2052 corrige:
1047 1960 1379 2056 Oxydymethyl...
1404 1961 1443 2033 in

247 2087 518 2180 Oxydimethyl.

357 2214 522 2287 Culcium
551 2213 844 2306 oxysulfurotum
872 2236 956 2306 pag.
983 2215 1033 2286 48
1064 2215 1218 2308 corrige:
1257 2237 1444 2308 gramma-

247 2340 339 2415 tibus
358 2343 396 2413 iu
416 2341 597 2433 grammis.

358 2469 425 2542 Chi
453 2469 558 2540 inum
593 2467 809 2540 sulfuricum
841 2490 925 2560 pag.
960 2469 1009 2541 59
1045 2469 1082 2540 iu
1109 2469 1208 2542 lines
1239 2470 1446 2562 penultima

252 2597 431 2671 emenda:
451 2592 635 2688 praeheret
652 2595 691 2666 iu
709 2592 884 2686 praebeat.
1247 2589 1250 2592 ’

359 2725 493 2798 Cortex
514 2722 681 2812 Quercus
700 2744 784 2814 pag.
808 2722 856 2794 ii
886 2743 1018 2796 versus
1036 2722 1149 2796 finem
1166 2723 1205 2796 iu
1224 2724 1322 2798 linea
1340 2729 1447 2798 sexta

250 2853 423 2926 emenda:
444 2849 702 2942 moesophloeo
722 2849 760 2921 in
777 2850 1023 2942 mesophloeo.

360 2979 526 3071 Cuprum
546 2977 763 3049 sulsuricum
781 2999 866 3069 pag.
890 2978 940 3050 74
968 2978 1006 3050 in
1034 2978 1132 3051 lines
1160 2980 1289 3072 quintu
1316 2999 1447 3052 versus

136 3181 146 3202 ‚
251 3107 363 3180 finem
383 3107 482 3198 lege:
503 3104 658 3178 caerulei
676 3104 761 3177 loeo
781 3105 945 3178 caeriuci.

360 3233 614 3326 Emplastrum
634 3231 878 3304 adhaesivum
897 3253 983 3324 pag.
1002 3234 1050 3305 78
1071 3231 1110 3305 in
1127 3233 1227 3307 linea
1243 3234 1449 3325 penultima

252 3359 407 3452 corrige:
428 3357 563 3433 duobos
581 3358 618 3430 iu
639 3357 786 3431 duobus.
1041 3353 1047 3360 ’

361 3487 614 3580 Empiesirum
646 3484 894 3576 Anglicuuum
926 3507 1010 3578 pag.
1036 3489 1086 3561 79
1119 3488 1157 3560 in
1189 3489 1289 3561 lineo
1321 3488 1450 3580 quinia

252 3617 394 3708 corrige
415 3613 544 3689 duobis
563 3614 600 3687 iu
616 3613 755 3686 duobos
776 3619 812 3686 et
831 3635 963 3687 versus
992 3615 1105 3687 finem
1134 3617 1171 3688 in
1199 3616 1298 3688 linea
1317 3610 1447 3708 queri

253 3741 392 3834 corrige
413 3742 590 3815 Tincturo
608 3741 647 3814 iu
668 3741 872 3813 Tinciuroo.

362 3869 612 3962 Emplesirom
641 3869 866 3960 Hydrargyri
896 3890 979 3960 pag.
1000 3871 1051 3940 82
1081 3871 1237 3962 corrige:
1269 3893 1451 3963 grammo-

254 3995 344 4069 tibus
362 3997 401 4070 in
420 3999 600 4089 grammis.

362 4123 536 4196 Extractu
554 4146 637 4216 pag.
659 4125 706 4196 87
729 4123 767 4196 in
786 4122 886 4194 liuee
906 4123 1049 4196 decima
1069 4125 1198 4216 quinia
1216 4125 1452 4199 emendetur:

256 4251 409 4324 seihero
428 4251 466 4323 in
486 4252 665 4324 aethereo.
1048 4245 1052 4252 ’

363 4379 517 4452 Ferrum
545 4378 717 4452 lucticum
746 4379 929 4471 pagius
958 4379 998 4452 in
1026 4380 1125 4453 linea
1144 4379 1275 4453 ultima
1294 4379 1452 4472 corrige:

155 4579 169 4603 ,
255 4505 327 4580 luci
345 4506 384 4578 in
403 4507 486 4579 lucc.

364 4633 518 4706 Ferrum
548 4633 888 4726 sesquichloretum
927 4656 1010 4726 pag.
1045 4635 1119 4706 106
1149 4635 1187 4706 in
1218 4635 1316 4707 linea
1349 4639 1455 4707 sexte

256 4783 389 4838 versus
410 4761 523 4834 finem
544 4762 700 4856 corrige:
722 4760 880 4834 chlorati
898 4760 938 4834 in
957 4761 1116 4836 chierici.
