3600 5534
830 543 1041 614 -qg-

413 756 1117 892 Apomomclotctcom
1155 761 1466 894 hydro·

703 919 1182 1032 oratoriorum.

449 1085 577 1160 Pulvis
598 1087 845 1178 crystallinus
874 1109 893 1158 e
914 1087 1062 1159 cinereo
1083 1087 1202 1178 albuS,
1222 1089 1352 1177 siccus
1379 1090 1418 1160 in
1438 1111 1539 1180 aqua

341 1221 378 1289 et
407 1215 540 1307 spiritu
568 1215 643 1287 vini
664 1214 846 1305 solubilis
877 1214 916 1286 in
941 1215 1093 1288 aethere
1121 1221 1158 1288 et
1177 1216 1441 1290 chloroformio
1462 1217 1538 1288 fere

342 1343 564 1416 insolubilis.

451 1471 595 1543 Solutio
607 1491 764 1561 aquosa,
781 1469 981 1543 reactionis
997 1471 1178 1560 neutrius
1195 1470 1331 1543 coloris
1347 1472 1459 1564 plane
1474 1476 1539 1542 aut

341 1599 416 1671 lere
432 1619 576 1691 expers,
595 1604 679 1669 altre
696 1597 867 1689 exposita
880 1597 978 1668 lente
995 1597 1184 1686 calefacta,
1206 1598 1313 1670 citius
1333 1598 1484 1671 virescit
1504 1603 1539 1668 et

341 1724 569 1798 reactionem
579 1722 776 1795 alcalinam
786 1723 928 1816 recipit.
938 1723 1000 1794 Sal
1010 1723 1246 1810 siccumae'ri
1256 1724 1540 1798 humidoetluci

343 1851 565 1945 expositum,
581 1851 744 1921 colorem
763 1849 921 1922 viridem
947 1850 1078 1940 induit,
1100 1849 1207 1923 acido
1226 1851 1361 1925 nitrico
1383 1851 1539 1942 adjecto

343 1978 603 2070 sanguineum.
636 1975 739 2048 Idem
769 1976 871 2048 color
906 1976 1085 2065 nascitur,
1115 1977 1147 2048 si
1174 1976 1352 2049 solutioni
1372 1999 1540 2070 aquosae

343 2107 469 2198 aliqua
489 2103 584 2176 acidi
605 2103 724 2175 uitrici
745 2103 974 2176 concontrati
993 2103 1114 2195 portio
1135 2103 1375 2178 admiscetur.
1397 2106 1541 2179 Solutio

344 2255 501 2326 aquosa,
517 2231 734 2304 mixtarum
749 2231 848 2303 kalio
863 2231 1149 2323 hydrooxydato
1169 2233 1304 2320 soluto,
1325 2232 1429 2305 brevi
1449 2239 1540 2305 tem-

342 2383 434 2455 pore
459 2360 622 2433 colorem
642 2381 687 2430 ex
706 2359 814 2431 fusco
843 2358 1089 2450 nigricantem
1117 2359 1242 2445 trahit,
1276 2359 1363 2432 ferri
1394 2361 1540 2452 sesqui·

344 2487 501 2563 chlorati
522 2487 659 2561 solutio
680 2487 976 2578 amethystinum
996 2487 1159 2559 colorem
1179 2486 1303 2560 efficit.

452 2616 513 2689 Sal
531 2614 572 2687 in
600 2614 742 2687 lamina
759 2614 926 2708 platinea
955 2615 1155 2687 calefactus
1176 2615 1367 2707 deflagrat,
1387 2617 1542 2689 odorem

343 2745 570 2839 peculiarem
596 2743 840 2816 aromaticum
860 2764 1057 2836 spargens
1088 2743 1239 2815 residuo
1269 2745 1373 2817 nullo
1402 2744 1541 2817 relicto,

452 2874 627 2946 Servetur
650 2873 731 2944 loco
752 2872 862 2959 sicco,
883 2870 922 2942 in
943 2871 1042 2943 vasis
1063 2869 1203 2962 optime
1229 2870 1381 2957 clausis
1410 2892 1434 2942 a
1458 2872 1543 2943 luce

344 3005 543 3074 remotum.

670 3137 855 3277 Aquae
887 3132 1213 3253 destillatae.

453 3305 712 3394 Medianum,
747 3306 793 3378 ad
828 3293 1021 3399 parandas
1056 3328 1175 3398 aquas
1209 3305 1416 3379 destillatas
1437 3329 1542 3398 prae—

348 3435 497 3526 scripta,
519 3433 671 3506 nonnisi
697 3432 850 3504 concisa
876 3433 954 3507 sive
984 3439 1145 3507 contusa
1164 3435 1413 3506 adhibeantur
1442 3440 1478 3507 et
1505 3435 1543 3507 in

346 3584 483 3653 genere
502 3583 570 3654 per
590 3561 718 3652 viginti
738 3565 901 3652 quatuor
929 3563 1044 3633 horas
1070 3583 1155 3633 cum
1176 3582 1276 3653 aqua
1294 3569 1542 3648 macerentur,

347 3697 552 3781 antequam
573 3687 772 3762 destillatio
792 3687 1009 3761 instituitur.

320 3911 321 3916 Ἰ
457 3817 588 3908 Aquae
617 3815 826 3904 destillatae
855 3817 930 3887 sint
959 3815 1085 3888 odoris
1101 3819 1138 3887 et
1166 3814 1314 3907 saporis
1334 3794 1543 3906 peculiaris,

348 3946 410 4038 qui
441 3943 662 4016 substantiis
683 3943 895 4015 volatilibus
916 3942 1206 4016 medicaminum
1235 3941 1345 4022 inest,
1366 3965 1386 4014 e
1408 3945 1544 4042 quibus

348 4077 541 4166 parantur.
1318 4072 1321 4077 ⁴

458 4199 660 4271 Serventur
701 4199 784 4270 loco
818 4197 980 4268 obscuro
1021 4201 1057 4269 et
1090 4197 1234 4287 frigido.
1277 4198 1546 4272 Aetlreroledm

349 4328 524 4401 innatans
546 4332 631 4398 ante
651 4325 972 4416 dispensationem
992 4323 1166 4395 filtranrlo
1186 4331 1394 4416 separetur.

457 4453 568 4545 Aqua
587 4453 891 4545 hydrosullurata
912 4452 1077 4523 admixta
1095 4472 1143 4523 ue
1163 4457 1366 4524 mutentur.

458 4581 589 4673 Aquae
618 4581 743 4653 odoris
768 4579 844 4652 fere
865 4579 925 4651 vel
950 4579 1100 4669 penitus
1129 4586 1298 4671 expertes
1316 4580 1395 4651 sive
1416 4589 1542 4651 muce-

351 4710 435 4782 dine
456 4713 651 4799 corruptae
667 4708 893 4798 rejiciantur.
