3600 5534
672 556 912 629 -159-

199 791 334 863 parum
365 770 556 859 solubiles
591 794 677 845 cum
723 773 831 847 acido
865 772 1149 865 hydrochlon'co
1196 774 1395 847 calefactae

201 898 372 973 chlorum
387 899 568 988 emittunt,
585 921 656 992 ope
671 924 787 974 ansae
802 902 852 973 fili
867 901 1020 993 platinei
1037 902 1208 973 flammae
1223 899 1396 973 admotae

184 1016 298 1098 'banc
318 1027 441 1099 colore
461 1026 628 1099 violaceo
648 1028 826 1102 inficiunt.

310 1152 454 1226 Salutio
470 1174 625 1244 aquosa,
640 1156 839 1229 reactionis
853 1156 1032 1243 neutrius
1054 1175 1122 1227 nec
1143 1176 1241 1246 aqua
1260 1154 1393 1245 hydro-

200 1280 391 1369 sullurata,
411 1302 480 1353 nec
502 1283 691 1355 ammonio
713 1283 867 1370 oxalic0,
887 1305 958 1355 nec
978 1283 1094 1374 baryo
1114 1282 1254 1370 uitrico,
1275 1302 1396 1371 neque

199 1413 353 1501 argento
372 1409 503 1482 uitrico
522 1415 697 1483 mutetur.

437 1790 650 1969 llaliurn
675 1861 1161 2004 hydrucxydatnrn.

428 2090 525 2169 Kali
548 2090 784 2170 causticurn.
807 2091 932 2192 Lapis
957 2092 1172 2169 causticus

309 2285 438 2358 Bacilli
459 2287 657 2377 cylindrici,
687 2287 761 2359 albi
779 2287 838 2359 vel
857 2307 991 2379 parum
1010 2286 1267 2376 flavescentes
1298 2287 1396 2376 sicci,
1525 2356 1529 2363 .

202 2412 293 2502 duri,
312 2413 421 2485 valde
441 2414 605 2503 caustici,
626 2411 710 2486 aere
731 2414 968 2501 humescunt,
989 2414 1027 2485 in
1042 2434 1141 2504 aqua
1155 2413 1287 2504 frigida
1300 2414 1398 2487 sacil-

201 2540 286 2613 lime
324 2540 514 2614 solubiles,
553 2540 695 2613 Salutio
726 2562 881 2631 aquosa,
921 2540 1027 2613 acido
1061 2540 1233 2612 tartarico
1268 2564 1394 2633 supcr-

202 2672 377 2756 saturata‚
396 2668 679 2762 praecipitatum
699 2668 953 2759 crystallinum
973 2668 1098 2740 album
1119 2666 1287 2741 demittit.

309 2794 455 2869 Kalium
486 2794 812 2887 hydruoxydatum
844 2796 882 2867 in
921 2794 1051 2887 spiritu
1084 2794 1158 2866 vini
1196 2793 1312 2883 diluto
1352 2816 1396 2867 ex

201 2923 342 3013 uitegro
362 2923 437 2995 fere
457 2923 641 3014 solvatur;
660 2923 698 2994 in
718 2922 825 2994 acido
846 2922 1021 2995 sulfinico
1042 2922 1156 2994 diluto
1178 2923 1342 2995 solutum
1363 2928 1398 2993 et

202 3050 307 3123 acido
327 3051 503 3123 sulfurico
524 3054 775 3137 concentratO,
798 3049 856 3121 cui
875 3050 958 3121 ferri
980 3047 1142 3121 sulfinici
1169 3048 1306 3121 solutio
1332 3050 1395 3121 ad·

197 3176 297 3270 jecta
316 3184 383 3266 est,
404 3178 686 3271 superadditum
706 3198 840 3249 zonam
857 3176 1117 3248 intermediam
1144 3177 1278 3249 coloris
1305 3176 1396 3249 lusci

201 3326 246 3377 ne
267 3304 413 3379 efficiat.
442 3305 583 3379 Salutio
609 3326 764 3396 aquosa,
793 3304 832 3377 in
867 3304 1015 3376 acidum
1048 3302 1220 3375 nitricurn
1240 3304 1397 3376 dilutum

201 3434 334 3521 inlusa,
353 3454 487 3524 parurn
505 3432 655 3505 nonnisi
675 3433 892 3503 effervescat
912 3437 948 3503 et
968 3431 1093 3503 addita
1114 3430 1299 3503 solutione
1320 3431 1396 3504 sive

201 3560 304 3652 barri
322 3559 444 3633 uitrici
464 3559 542 3631 sive
563 3559 706 3651 argenti
725 3558 846 3631 nitrici
865 3558 925 3631 vix
945 3558 1124 3631 turbetur.
1253 3637 1262 3653 ¹

310 3687 483 3761 Servetur
502 3708 592 3759 vase
613 3686 750 3778 optime
772 3687 914 3759 clauso.

428 4154 641 4263 {lulium
668 4152 1176 4294 hydrumrturicurn.

388 4386 580 4462 Tartarus
604 4384 836 4483 depuratus
872 4378 1042 4459 Cramer
1064 4380 1217 4459 tartari.

310 4599 465 4671 Cnrstae
481 4596 726 4689 crystallinae,
743 4596 860 4683 albae,
875 4593 953 4667 sive
973 4595 1094 4687 pulvis
1111 4596 1229 4685 albus,
1247 4598 1398 4688 crystal-

205 4723 309 4813 linus,
322 4726 467 4817 saporis
479 4723 587 4812 acidi,
599 4724 730 4813 acerbi,
742 4725 779 4795 in
792 4722 1033 4815 aquafrigida
1048 4722 1204 4812 difficile,
1221 4723 1257 4795 in
1269 4723 1396 4813 viginti
