3600 5534
743 506 958 577 -ug-

361 717 544 795 Gramma
575 743 695 796 unum
727 722 816 795 salis
846 723 954 795 acido
973 721 1104 794 uitrico
1125 727 1452 814 supersuturatum

252 857 290 923 et
321 853 360 924 iu
395 853 531 929 balneo
578 873 701 945 aquae
736 851 976 944 evaporando
1020 851 1212 939 siccatum,
1259 850 1450 922 residuum

253 979 388 1052 efficiat
402 979 536 1052 eoloris
547 999 689 1072 experS,
705 980 807 1072 quod
822 979 943 1071 magis
960 978 1181 1051 calefactum
1194 979 1306 1070 plane
1321 978 1451 1050 evolet.

361 1127 631 1218 Praeparatum
650 1125 688 1198 in
708 1127 899 1218 pulverem
920 1125 1048 1197 album
1069 1124 1256 1215 dilapsum
1275 1123 1396 1213 rejice.

507 1429 837 1536 llmmouium
866 1427 1188 1544 oliloratum.

361 1633 488 1707 Pulvis
527 1635 775 1727 crystallum,
810 1636 931 1723 albuS,
965 1634 1092 1706 odoris
1119 1655 1263 1726 expers,
1289 1633 1326 1704 in
1352 1657 1452 1726 aqua

255 1761 386 1854 frigida
405 1762 524 1848 facile,
559 1763 596 1835 in
631 1762 820 1835 ebullienti
853 1763 999 1835 facilius
1033 1762 1183 1854 limpide
1208 1761 1375 1847 solvitur,
1410 1764 1446 1834 iu

255 1889 384 1982 spiritu
415 1891 487 1963 viui
518 1913 638 1984 paone
659 1891 866 1963 insolubilis
886 1897 954 1980 est,
975 1891 1175 1962 calefactus
1196 1890 1276 1961 siue
1298 1890 1449 1963 residuo

259 2023 447 2108 evaporat.

366 2145 507 2217 Solulio
529 2167 683 2238 aquosa,
693 2146 893 2218 reaclionis
913 2145 1094 2233 neutriuS,
1110 2145 1449 2235 cumkaliohydm-

255 2273 417 2362 oxydalo
434 2272 557 2344 soluto
574 2272 763 2360 calefacta,
780 2273 1010 2345 ammoniam
1026 2273 1172 2360 evolvit,
1195 2294 1279 2344 oum
1296 2279 1452 2362 argento

253 2399 383 2471 uitrico
402 2399 528 2488 mixta,
549 2401 797 2474 sedimeutum
819 2401 956 2487 album,
978 2421 1188 2486 caseosum,
1206 2399 1243 2470 in
1264 2401 1453 2472 ammonia

259 2529 415 2600 solubile
435 2529 557 2602 efficit.

364 2656 506 2729 Solulio
527 2679 673 2750 aquosa
689 2660 724 2750 (1
742 2655 828 2756 zio)
848 2681 919 2732 neo
933 2680 1033 2751 aqua
1047 2657 1362 2749 hydrosulfurala,
1381 2677 1451 2729 nee

254 2784 369 2875 baryo
397 2783 539 2870 uitrico,
577 2806 648 2856 nec
682 2785 788 2857 acido
823 2785 1000 2858 sulfurico
1031 2785 1147 2856 diluto
1175 2790 1351 2872 mutetur,
1370 2805 1450 2858 nee.

256 2911 361 2982 acido
396 2911 679 3002 hydrochlorico
723 2913 911 2984 aoidulula
944 2918 980 2984 et
1013 2913 1127 3003 gultis
1185 2911 1327 3004 aliquot
1364 2909 1450 2982 ferri

255 3039 539 3130 sesquiohlorati
555 3039 668 3111 soluti
684 3041 832 3128 additis,
848 3041 963 3112 rubro
978 3040 1099 3111 colore
1114 3040 1286 3131 tingatur.
1298 3041 1451 3112 Ammo-

254 3167 358 3239 nium
377 3166 601 3239 sulfuratum
622 3167 873 3240 sedimemum
893 3169 1040 3258 nigrum
1059 3189 1106 3239 ne
1127 3168 1271 3254 efficiat,
1288 3168 1333 3239 ad
1351 3189 1449 3240 sum·
1473 3179 1476 3187 '

253 3316 357 3366 mum
378 3294 540 3366 colorem
558 3293 715 3366 viridem
734 3294 838 3366 haud
859 3294 1020 3366 solidum
1040 3295 1233 3386 producat.

363 3419 540 3492 Gramma
554 3443 671 3494 uuum
688 3422 787 3499 salis,
803 3443 887 3493 eum
908 3423 1001 3493 auidi
1017 3422 1136 3493 uitrici
1153 3422 1288 3512 exigua
1303 3423 1448 3514 quami-

255 3549 522 3622 laleinhalneo
534 3571 654 3641 aquae
667 3550 908 3641 evaporando
921 3551 1312 3641 sieoalum,residuu1u
1324 3551 1449 3623 album

254 3677 443 3767 praebeat,
464 3675 565 3768 quod
585 3676 717 3748 leuiter
733 3677 993 3748 candel'aelum
1015 3678 1177 3749 colorem
1207 3678 1359 3748 omnino
1374 3698 1450 3750 non
1573 3719 1579 3730 ·

255 3803 377 3875 trahat
397 3804 464 3874 sed
483 3803 595 3895 plane
616 3805 792 3894 aufugial.

366 3929 554 4026 Collyrium
576 3931 796 4026 adstringens
813 3931 950 4002 [oleum.

542 4215 878 4357 Amygclalae
915 4247 1156 4331 aiumue.

362 4421 580 4517 Amyqdulus
600 4423 791 4492 columellis
820 4422 955 4510 laium,
986 4421 1069 4493 Vur.
1091 4421 1449 4510 ‹en1«1·uDC.,arbor

253 4550 288 4621 iu
306 4549 456 4640 regione
472 4549 746 4621 medilermueu
766 4554 986 4640 spontanea,
1007 4550 1106 4640 apud
1126 4572 1196 4622 nos
1212 4549 1320 4620 culla.
1342 4549 1450 4620 Rosu-

254 4699 337 4748 eeoe.
361 4675 528 4747 Plumae.
