3600 5534
875 492 1090 565 -53-

384 713 509 806 ampli,
544 734 663 787 unum
694 716 743 787 ad
777 717 848 789 tria
880 711 1093 783 millimetra
1127 709 1254 795 crassi,
1289 707 1382 794 duri,
1416 706 1576 798 fragiles

382 841 544 916 fractura
572 842 731 935 aequali,
761 843 896 916 coloris
924 837 1160 927 rubro-susci,
1199 835 1317 929 opaci,
1347 833 1578 907 extrinsecus

382 971 602 1063 plerumque
634 971 779 1064 passim
810 968 970 1044 residuis
1000 965 1261 1060 peridermatis
1291 963 1413 1056 grisei,
1451 962 1578 1035 odoris

383 1098 582 1190 peculiaris
602 1104 705 1190 grate
736 1099 939 1188 aromatici,
974 1094 1123 1190 saporis
1144 1093 1239 1167 acris
1259 1091 1460 1181 aromatici,
1490 1092 1577 1164 sub·

384 1225 503 1299 dulcis
524 1232 562 1298 et
580 1227 858 1321 adstringentis,
878 1231 1069 1320 postremo
1088 1222 1361 1314 mucilaginosi.

494 1371 574 1464 Ope
593 1372 827 1465 microscopii
847 1371 1015 1464 inprimis
1042 1368 1261 1442 observabis
1287 1367 1326 1439 in
1350 1368 1425 1439 tela
1449 1365 1581 1438 intima

383 1498 620 1590 mesophloei
640 1503 800 1572 stratum
819 1499 923 1571 haud
948 1497 1166 1571 continuum
1196 1516 1215 1567 e
1245 1493 1388 1567 cellulis
1417 1493 1578 1566 scleren-

385 1626 612 1718 chymaticis,
632 1627 745 1699 fibras
761 1626 988 1716 lusiformeS,
1007 1630 1151 1714 tenues
1170 1624 1307 1712 laeves
1328 1622 1510 1714 complete
1525 1620 1579 1692 in·

385 1760 586 1844 crassatus,
613 1775 680 1847 per
703 1754 839 1827 librum
875 1754 1050 1827 radiatim
1087 1752 1290 1844 dispersas,
1324 1748 1580 1839 utriculosque

386 1881 560 1974 copiosos
598 1888 635 1955 et
671 1882 894 1974 mucilagine
934 1886 970 1955 et
1008 1881 1090 1954 oleo
1130 1879 1306 1952 aethereo
1344 1877 1505 1970 repletos
1542 1876 1581 1949 in

384 2010 674 2101 parenchymate
695 2010 861 2100 amylum
882 2009 1135 2101 compositum
1153 2010 1314 2109 gerente.

493 2155 601 2249 Aqua
644 2151 868 2226 Cinnamomi
904 2154 1047 2250 simplex
1084 2159 1114 2223 ei
1158 2153 1361 2248 spiricoosa.
1409 2150 1583 2248 Syrupus.

388 2279 567 2352 Tinctura.
607 2285 714 2374 Aqua
753 2281 946 2352 aromatico
983 2280 1184 2375 spirituum.
1234 2277 1418 2351 Decoctum
1455 2275 1582 2351 Sarsu-

380 2407 536 2503 parillcc
587 2408 809 2502 conpositum
864 2407 996 2479 mitius.
1052 2407 1292 2480 Eleciuurium
1338 2407 1581 2479 arornatc'rum.

386 2533 519 2629 Species
537 2536 780 2608 ornardcontes.
803 2533 961 2630 Spiritus
975 2535 1194 2607 accuratione.
1219 2533 1388 2606 Troum-a
1406 2533 1585 2605 Atrinum·

386 2661 582 2758 composito.

686 3001 880 3113 Cortex
907 3002 1291 3149 condurango.

500 3228 696 3302 Gonolobus
730 3225 962 3323 Condcronpo
1000 3229 1203 3318 Triana,
1237 3229 1360 3300 frutex
1394 3227 1584 3300 scandens

266 3399 275 3432 t
384 3355 549 3428 Andium
568 3356 760 3430 Amerioae
781 3358 1055 3450 aequatorialis
1076 3357 1372 3453 Ascbpdodocece.

495 3483 629 3558 Cortex
656 3485 777 3558 trunci
815 3506 1082 3579 ramorumque
1119 3487 1280 3560 siccatus
1319 3505 1521 3557 occurrens
1546 3483 1585 3556 in

384 3610 512 3684 frustis
533 3611 743 3684 convolutis
769 3616 805 3684 et
824 3613 1092 3701 canaliculatis‚
1119 3613 1274 3701 levibus,
1302 3633 1421 3685 unum
1447 3611 1495 3683 ad
1515 3611 1585 3684 tria

385 3739 603 3812 centimetra
636 3739 732 3828 latis,
765 3761 884 3812 unum
918 3742 966 3814 ad
1000 3743 1166 3833 quinque
1190 3740 1402 3814 millimetra
1435 3739 1583 3827 crassis,

385 3866 543 3939 obtectis
563 3867 812 3959 peridermate
836 3868 1155 3959 griseo-subfusco
1185 3873 1251 3942 aut
1278 3869 1397 3955 fusco,
1425 3866 1583 3958 longitu-

386 3993 557 4067 dinaliter
575 4015 715 4088 rugoso
736 3999 811 4085 aut,
831 4000 873 4069 ut
891 3997 930 4068 in
944 3995 1196 4084 validioribus,
1211 3994 1582 4081 verrucoso-rimoso

386 4123 667 4215 subsquamoso
687 4123 747 4195 vel
767 4123 1026 4212 subtesselato,
1047 4124 1085 4196 in
1121 4124 1237 4197 latere
1252 4123 1426 4196 interiore
1441 4121 1580 4213 griseo-

385 4249 586 4338 subnisus,
602 4271 731 4343 grosse
748 4251 899 4340 striatis,
915 4251 953 4323 in
967 4251 1131 4325 fractura
1143 4251 1291 4324 fibrosis
1302 4255 1367 4324 aut
1377 4251 1582 4341 subgranu-

383 4377 482 4466 latis,
501 4378 540 4450 in
560 4378 726 4452 sectione
752 4382 969 4451 transversa
997 4377 1142 4467 albidis,
1165 4377 1325 4451 maculis
1350 4382 1415 4450 aut
1433 4378 1581 4469 punctis

384 4504 617 4578 flavo-fuscis
655 4505 797 4578 ornatis
835 4509 872 4578 et
909 4506 948 4578 in
985 4506 1117 4578 intima
1152 4510 1258 4599 parte
1296 4507 1358 4579 vix
1386 4506 1583 4579 manifeste

384 4630 557 4716 radiatim
583 4631 735 4712 striatis.
771 4631 851 4732 Ope
879 4633 1113 4731 microscopii
1140 4634 1380 4709 inveniuntur
1408 4635 1582 4737 copiosae
