3600 5534
703 564 916 636 ..61-

315 781 444 854 Pulvis
465 782 713 874 griseo-albus
730 781 790 854 vel
809 783 1028 871 flavescens,
1048 783 1239 871 inodoruS,
1260 784 1407 876 saporis

207 909 366 1002 styptici,
396 909 541 982 modice
561 910 689 982 amari.
720 909 884 982 Solvitur
903 911 942 983 in
961 910 1113 1003 triginta
1133 910 1276 982 circiter
1294 912 1405 1004 parti-

208 1037 280 1108 bus
296 1057 417 1129 aquae
432 1037 633 1128 bullientis
650 1039 689 1110 in
707 1038 931 1129 octingentis
946 1038 1078 1130 frigidi,
1099 1039 1205 1112 facile
1222 1039 1261 1112 in
1276 1040 1408 1132 spiritu

207 1164 294 1239 vini.
312 1164 441 1238 Pulvis
460 1187 562 1258 aqua
581 1168 784 1241 calefactus
805 1167 1060 1258 conglobatur.

318 1292 459 1365 Solutio
489 1315 635 1384 aquosa
663 1295 758 1368 ferro
788 1292 1086 1386 sesquichlorato
1116 1294 1280 1366 colorem
1309 1299 1404 1368 atra-
1471 1269 1476 1276 ’

205 1424 446 1494 mentaceum
475 1421 607 1494 induit.
645 1421 786 1494 Solutio
825 1422 1036 1514 spirituosa,
1072 1422 1279 1513 digestione
1322 1444 1407 1495 eum

204 1547 362 1640 plumbo
391 1548 530 1622 acetico
560 1549 688 1622 basico
728 1550 775 1622 ab
801 1551 907 1623 acido
932 1549 1084 1622 tanuico
1123 1554 1160 1622 et
1192 1571 1215 1620 a
1251 1550 1406 1642 plumbo

206 1676 409 1750 excedente
439 1675 546 1748 acido
572 1677 752 1751 sulfurico
773 1677 890 1752 diluto
905 1679 1071 1767 liberata,
1091 1677 1275 1769 liquorem
1293 1679 1405 1751 filtra-

205 1809 286 1877 tum
300 1805 487 1896 praebeat,
510 1805 610 1896 quod
625 1805 756 1897 spiritu
770 1805 847 1877 vini
867 1805 1130 1898 evaporatione
1147 1803 1304 1896 depulso
1320 1826 1406 1878 curn

206 1953 307 2024 aqua
326 1930 443 2004 chlori
463 1933 686 2006 succedente
706 1933 896 2006 ammonia
914 1933 1071 2007 viridem
1091 1933 1255 2006 colorem
1273 1932 1404 2006 induit.

314 2057 476 2150 Ignitum
495 2059 576 2134 sine
595 2059 746 2134 residuo
767 2061 975 2135 comburat.

304 2440 783 2552 Chloralum
820 2443 1306 2576 landramno.

316 2641 489 2734 Crystalli
516 2630 734 2737 pellucidae,
773 2643 979 2733 decolores
1019 2650 1105 2716 aere
1141 2642 1403 2736 persistentes

204 2770 407 2843 coactionis
443 2770 614 2843 neutrius
642 2771 701 2843 vel
730 2771 806 2843 fere
835 2773 1016 2858 neutrius,
1046 2771 1173 2842 odoris
1203 2770 1402 2863 peculiaris

206 2898 409 2986 aromatici,
431 2899 579 2992 saporis
601 2899 726 2972 acerbi
746 2900 949 2988 subornari,
976 2900 1015 2972 in
1035 2921 1145 2991 aqua,
1175 2898 1306 2991 spiritu
1329 2898 1403 2971 vini

207 3033 242 3098 et
257 3025 408 3098 aethere
424 3025 531 3098 facile
548 3025 738 3114 solubiles,
760 3027 881 3098 calore
905 3029 979 3099 580
1003 3027 1262 3118 liquescentes,
1283 3026 1401 3097 fervo-

206 3153 326 3225 lactae
345 3152 508 3241 avolant,
529 3153 619 3244 quin
639 3175 709 3244 gas
728 3152 961 3225 indomabile
981 3152 1182 3224 emittatur.

315 3279 460 3352 Solutio
480 3300 624 3372 aquosa
643 3279 739 3353 kalio
760 3279 1048 3370 lrydrooxydato
1065 3277 1211 3370 adjecto
1228 3280 1403 3370 turbetur,

207 3407 471 3481 cliloroformio
483 3406 707 3480 succedente
717 3428 849 3479 rursus
861 3405 1085 3496 l'tlimpida;
1106 3412 1260 3496 argento
1271 3408 1403 3480 nitrico

207 3536 266 3608 vix
286 3541 462 3610 mutetur.

315 3663 431 3736 Acido
465 3663 644 3736 sulfurico
674 3668 913 3736 concentrato
944 3664 1111 3736 admixto
1142 3663 1274 3734 leniter
1307 3662 1402 3735 cale-

208 3789 1402 3884 factumClrloralumhydratumnequevaporeslrydrochloricos

208 3919 361 4007 emittat,
382 3939 503 4012 neque
524 3919 688 3993 colorem
706 3921 856 3992 luscum
875 3919 1040 4011 recipiat.

316 4045 491 4120 Servetur
509 4067 601 4119 vase
621 4047 692 4120 luci
711 4046 904 4139 impervie,
924 4046 1007 4119 loco
1028 4045 1137 4118 sicco.

448 4405 1173 4544 Obloroformtcrm.

315 4610 456 4702 Liquor
474 4609 662 4703 limpidus,
693 4609 853 4698 decolor,
884 4609 1012 4682 odoris
1042 4608 1226 4700 specialis,
1254 4610 1401 4702 saporis

209 4738 411 4828 subdulciS,
431 4737 607 4830 ponderis
638 4737 801 4830 specifici
834 4737 1108 4825 1·485-1·50‚
1138 4736 1261 4809 calore
1283 4738 1333 4808 60
1354 4737 1402 4808 ad
