3600 5534
859 537 1085 610 ,ΧΠ-

490 758 541 844 In
564 755 793 843 selectione
822 754 1169 867 medicaminum,
1209 785 1319 871 quae
1354 758 1578 845 materiam

381 923 484 1008 novi
529 919 688 1007 codicis
728 922 997 1030 constituunt,
1037 949 1138 1037 prae
1176 922 1353 1008 caeteris
1391 921 1576 1008 rationes

383 1083 640 1171 scientificae
658 1090 700 1169 et
710 1083 865 1170 clinica
881 1086 1143 1205 experientia
1159 1083 1378 1171 consultae
1395 1085 1574 1194 fuerunt,

384 1249 642 1336 Omittuntur
689 1247 1000 1360 medicamina,
1062 1277 1172 1366 quae
1218 1253 1335 1364 lapsu
1372 1246 1577 1364 temporis

382 1442 476 1499 raro
514 1413 684 1498 nonnisi
727 1421 800 1499 ant
823 1411 997 1497 omnino
1043 1440 1129 1497 non
1168 1411 1222 1497 ab
1245 1412 1345 1498 artis
1368 1409 1577 1498 medicae

382 1577 525 1693 peritis
575 1575 618 1660 in
668 1606 793 1662 usum
848 1586 1054 1662 vocantur
1098 1586 1140 1662 et
1181 1577 1319 1690 aptius
1363 1574 1575 1680 remediis

283 1721 286 1726 Δ
382 1742 598 1856 principiis
626 1769 739 1826 nuno
761 1739 1005 1854 vigentibus
1027 1740 1333 1848 accomodatis,
1373 1765 1577 1854 compen-

384 1907 468 1991 sari
491 1915 680 2021 possunt,
719 1931 843 2017 porro
873 1902 1161 1990 medicamina
1183 1900 1337 1989 dubiae
1359 1929 1412 1990 ac
1439 1901 1578 1990 varia-

383 2068 481 2155 bilis
527 2069 750 2170 efficaciae,
796 2067 971 2154 demum
1016 2068 1078 2153 sic
1122 2065 1236 2153 diota
1278 2065 1420 2176 cruda,
1466 2095 1577 2183 quae

383 2263 468 2320 non
531 2244 669 2348 partes
731 2233 1034 2319 constituentes
1096 2229 1444 2339 medicaminum,
1502 2229 1578 2317 sed

383 2398 552 2484 nonnisi
574 2396 835 2483 adminicula
862 2400 906 2481 in
930 2394 1128 2510 parandis
1165 2393 1422 2510 quibusdam
1456 2423 1578 2508 prae-

384 2563 538 2675 paratis
570 2573 674 2648 sunt.

492 2723 783 2812 Medicamina
825 2725 987 2811 ultimis
1033 2721 1220 2809 deceniis
1275 2726 1429 2836 partim
1486 2733 1575 2808 arte

385 2890 582 2976 chemica
626 2889 788 2998 effecta,
829 2890 984 3004 partim
1025 2916 1077 2973 ex
1124 2884 1369 2973 substantiis
1399 2896 1577 3000 vegeta-

385 3051 542 3139 bilibus
567 3053 820 3168 deprompta
853 3061 894 3138 et
926 3053 970 3137 in
1010 3051 1274 3139 commercio
1298 3049 1440 3160 obvia,
1467 3078 1578 3165 quac

384 3219 630 3304 thesaurum
674 3219 1017 3333 therapeuticum
1064 3217 1245 3302 nimium
1290 3224 1450 3330 augent
1492 3243 1578 3299 non

385 3384 621 3498 permiscne
650 3411 764 3469 novo
794 3382 935 3468 codici
965 3379 1189 3468 inserenda
1219 3378 1294 3467 sed
1324 3379 1492 3466 nonnisi
1528 3406 1579 3465 ea

384 3545 628 3660 recipienda
670 3543 934 3652 videbantur,
970 3574 1152 3660 quorum
1207 3545 1270 3629 vis
1304 3573 1390 3630 non
1436 3541 1578 3629 solum

385 3710 537 3796 toxicis
580 3710 877 3824 experimentis
920 3708 1188 3822 investigata⁷
1244 3735 1394 3793 verum
1450 3707 1580 3792 etiarn.

385 3877 696 3989 circumspecta
724 3873 878 3958 clinica
909 3873 1170 3987 experientia
1192 3868 1473 3985 comprobata
1494 3880 1576 3978 est3

386 4068 569 4153 quorum
625 4037 870 4124 constitutio
926 4037 1124 4122 chemica
1177 4044 1389 4142 constans7
1455 4035 1577 4147 origo

386 4208 523 4288 certus
564 4201 745 4288 habetur
769 4209 897 4316 atque
921 4201 1164 4316 incorrupta
1187 4197 1354 4285 indoles
1379 4195 1577 4312 expedite

386 4365 582 4480 dignosci
604 4375 752 4481 potest.

494 4528 636 4634 Quum
660 4529 981 4643 conjunctiones
1022 4528 1256 4638 chemicae,
1296 4555 1407 4644 quae
1436 4528 1579 4612 thera-

384 4699 551 4810 peutico
608 4694 702 4780 usui
756 4691 1002 4800 inserviunt
1070 4693 1256 4807 optimae
1316 4690 1472 4778 indolis
1533 4692 1578 4774 in
