3600 5534
823 540 1062 615 -eca-

337 778 422 831 cum

470 883 590 987 Aque
674 886 783 981 cripta
802 886 999 983 quantitate

335 1020 515 1107 paratam,
534 1013 777 1104 habitatura,
796 1021 838 1089 ut
852 1014 975 1107 liquor
994 1014 1155 1090 debilem
1169 1016 1293 1089 adhuc
1307 1015 1536 1090 reactionem

334 1142 530 1215 alcalinam
550 1146 756 1216 conservet.

441 1268 730 1361 Praecipitatum
743 1268 829 1342 inde
844 1275 974 1342 natum
989 1268 1071 1341 sine
1085 1291 1192 1343 mora
1211 1270 1392 1364 aliquare
1407 1291 1534 1364 super-

333 1402 484 1471 natante
500 1418 644 1489 separa,
665 1418 763 1489 aqua
778 1396 966 1469 destillata
981 1396 1074 1485 elue,
1095 1398 1216 1472 donec
1230 1400 1351 1491 liquor
1366 1398 1534 1471 defluens

332 1545 402 1597 nec
413 1524 601 1598 ammonio
618 1524 772 1613 oxalide,
787 1544 857 1596 nec
875 1528 1029 1615 argento
1039 1524 1171 1598 uitrico
1182 1525 1350 1599 turbetur
1356 1548 1365 1613 ;
1382 1526 1534 1599 demum

332 1652 370 1724 iu
389 1652 472 1725 loco
488 1651 1018 1744 tepidosiccaetinpulverem
1038 1651 1321 1726 subtilissimum
1340 1654 1534 1727 redactum

332 1800 452 1853 serva.

442 1907 495 1979 Sit
509 1908 631 2000 pulvis
642 1908 922 1997 subtilissimus
937 1908 1154 2001 amorphuS‚
1165 1907 1324 1997 albidus
1334 1908 1532 1981 reactionis

335 2034 512 2121 neutrius
532 2034 668 2125 ignitus
687 2033 836 2126 penitus
857 2036 1048 2128 deflagrat.
1396 2026 1399 2030 ’

442 2162 566 2234 Sulfur
580 2162 861 2254 praecipitatum
882 2185 967 2236 cum
987 2162 1198 2236 ammoniae
1213 2162 1382 2254 partibus
1400 2161 1531 2253 viginti

332 2293 624 2380 conquassatum
635 2288 813 2362 filtratum
824 2290 1010 2383 praebeat,
1018 2289 1119 2382 quod
1129 2289 1235 2361 acido
1246 2288 1530 2380 hydrochlorico

331 2414 565 2503 acidulaturu,
576 2416 635 2489 vel
646 2416 1060 2507 aquahydrosuliurata
1069 2417 1207 2506 addita,
1218 2417 1381 2489 colorem
1391 2417 1531 2488 ssavum

330 2564 377 2615 ne
397 2542 537 2616 induat.

641 2865 825 2976 Suifirr
854 2866 1216 2976 sublimatum.

765 3096 904 3176 Floras
929 3098 1102 3176 sulfuris

439 3290 567 3365 Pulvis
588 3291 752 3381 citriuuS,
781 3292 818 3365 iu
838 3314 939 3385 aqua
963 3292 1185 3385 insolubilis
1212 3314 1345 3385 parum
1373 3291 1530 3364 solvitur

329 3418 367 3491 iu
386 3420 519 3513 spiritu
537 3420 614 3493 vini
635 3425 888 3511 conceutrato,
909 3421 1072 3513 aethere,
1094 3420 1358 3493 chloroformio
1379 3425 1416 3492 et
1434 3420 1527 3492 oleis

327 3546 541 3640 pinquibuS,
562 3546 666 3620 facile
677 3547 713 3619 iu
730 3547 915 3620 carboneo
931 3549 1125 3620 sulfurato,
1142 3547 1237 3620 Cum
1250 3567 1350 3638 aqua
1364 3568 1525 3639 quassa·

327 3678 388 3747 tus
407 3675 493 3748 huic
511 3676 732 3770 plerumque
752 3675 978 3748 reactionem
998 3676 1145 3748 acidam
1162 3673 1300 3747 tribuit.

435 3802 531 3876 Aere
557 3803 780 3877 fervefactus
806 3802 1023 3894 inflammat,
1053 3801 1209 3875 odorem
1229 3799 1324 3874 acidi
1350 3801 1527 3873 sulfiuosi

328 3950 527 4022 spargens;
544 3930 765 4004 combustus
776 3930 971 4002 residuum
980 3930 1131 4002 nonnisi
1142 3928 1317 4021 exiguum
1327 3928 1523 4021 relinquat.

435 4056 562 4151 Sulsur
581 4058 801 4155 depuratum.
829 4056 1048 4155 Urtqucntum
1067 4057 1296 4150 suffuratum.

819 4380 1033 4524 Syrupi

436 4607 568 4700 Syrupi
589 4606 626 4679 in
645 4628 780 4699 genere
800 4606 853 4677 ita
871 4612 1062 4698 parentur,
1083 4611 1125 4678 ut
1147 4604 1373 4678 saccharum
1393 4609 1522 4676 contu-

326 4758 423 4825 sum,
452 4736 490 4807 in
518 4736 669 4829 liquid0,
696 4756 763 4826 pro
790 4755 931 4826 syrupo
951 4732 1147 4806 efficiendo
1171 4731 1416 4824 praescripta,
1436 4752 1521 4823 pro-
