<?xml version="1.0" encoding="UTF-8"?>
<!DOCTYPE html PUBLIC "-//W3C//DTD XHTML 1.0 Transitional//EN"
    "http://www.w3.org/TR/xhtml1/DTD/xhtml1-transitional.dtd">
<html xmlns="http://www.w3.org/1999/xhtml" xml:lang="en" lang="en">
 <head>
  <title>
</title>
<meta http-equiv="Content-Type" content="text/html;charset=utf-8" />
  <meta name='ocr-system' content='tesseract 3.04.00' />
  <meta name='ocr-capabilities' content='ocr_page ocr_carea ocr_par ocr_line ocrx_word'/>
</head>
<body>
  <div class='ocr_page' id='page_1' title='image "./pharmacopoeaaus01unkngoog_0167.png"; bbox 0 0 3600 5534; ppageno 0'>
   <div class='ocr_carea' id='block_1_1' title="bbox 707 519 945 592">
    <p class='ocr_par' dir='ltr' id='par_1_1' title="bbox 707 519 945 592">
     <span class='ocr_line' id='line_1_1' title="bbox 707 519 945 592; baseline 0.004 -1"><span class='ocrx_word' id='word_1_1' title='bbox 707 519 945 592; x_wconf 84' lang='lat'>-135—</span> 
     </span>
    </p>
   </div>
   <div class='ocr_carea' id='block_1_2' title="bbox 549 666 1091 843">
    <p class='ocr_par' dir='ltr' id='par_1_2' title="bbox 549 666 1091 843">
     <span class='ocr_line' id='line_1_2' title="bbox 549 666 1091 843; baseline -0.009 0"><span class='ocrx_word' id='word_1_2' title='bbox 549 733 762 843; x_wconf 78' lang='lat' dir='ltr'>Globuli</span> <span class='ocrx_word' id='word_1_3' title='bbox 781 666 1091 842; x_wconf 73' lang='lat' dir='ltr'>¹martiulas.</span> 
     </span>
    </p>
   </div>
   <div class='ocr_carea' id='block_1_3' title="bbox 219 900 1426 3035">
    <p class='ocr_par' dir='ltr' id='par_1_3' title="bbox 219 900 1421 1635">
     <span class='ocr_line' id='line_1_3' title="bbox 219 900 1414 1006; baseline -0.004 -29"><span class='ocrx_word' id='word_1_4' title='bbox 219 905 315 998; x_wconf 87' lang='lat' dir='ltr'>Rpe:</span> <span class='ocrx_word' id='word_1_5' title='bbox 351 900 451 980; x_wconf 72' lang='lat' dir='ltr'>Ferri</span> <span class='ocrx_word' id='word_1_6' title='bbox 471 901 650 1006; x_wconf 72' lang='lat' dir='ltr'>pulveral!</span> <span class='ocrx_word' id='word_1_7' title='bbox 690 903 692 908; x_wconf 79' lang='grc'><strong>’</strong></span> <span class='ocrx_word' id='word_1_8' title='bbox 759 908 961 1000; x_wconf 67' lang='lat' dir='ltr'>grammato</span> <span class='ocrx_word' id='word_1_9' title='bbox 980 901 1219 997; x_wconf 72' lang='lat' dir='ltr'>quadruplata</span> <span class='ocrx_word' id='word_1_10' title='bbox 1362 901 1414 972; x_wconf 77' lang='lat'>40</span> 
     </span>
     <span class='ocr_line' id='line_1_4' title="bbox 358 1027 983 1132; baseline 0 -26"><span class='ocrx_word' id='word_1_11' title='bbox 358 1029 451 1106; x_wconf 80' lang='lat' dir='ltr'>llalll</span> <span class='ocrx_word' id='word_1_12' title='bbox 472 1029 779 1130; x_wconf 65' lang='lat' dir='ltr'>hydro-tartaria</span> <span class='ocrx_word' id='word_1_13' title='bbox 799 1027 983 1132; x_wconf 75' lang='lat' dir='ltr'>palranti</span> 
     </span>
     <span class='ocr_line' id='line_1_5' title="bbox 761 1153 1421 1256; baseline -0.012 -24"><span class='ocrx_word' id='word_1_14' title='bbox 761 1164 962 1256; x_wconf 67' lang='lat' dir='ltr'>grammata</span> <span class='ocrx_word' id='word_1_15' title='bbox 976 1157 1130 1228; x_wconf 75' lang='lat' dir='ltr'>duoertta.</span> <span class='ocrx_word' id='word_1_16' title='bbox 1343 1153 1421 1225; x_wconf 65' lang='lat'>200</span> 
     </span>
     <span class='ocr_line' id='line_1_6' title="bbox 330 1285 961 1378; baseline 0 -20"><span class='ocrx_word' id='word_1_17' title='bbox 330 1285 445 1358; x_wconf 86' lang='lat' dir='ltr'><strong>Misce</strong></span> <span class='ocrx_word' id='word_1_18' title='bbox 465 1287 504 1360; x_wconf 93' lang='lat' dir='ltr'>in</span> <span class='ocrx_word' id='word_1_19' title='bbox 525 1287 714 1378; x_wconf 72' lang='lat' dir='ltr'>sartagine</span> <span class='ocrx_word' id='word_1_20' title='bbox 733 1287 961 1360; x_wconf 77' lang='lat' dir='ltr'>ferrearum</span> 
     </span>
     <span class='ocr_line' id='line_1_7' title="bbox 358 1411 868 1512; baseline -0.006 -23"><span class='ocrx_word' id='word_1_21' title='bbox 358 1411 477 1512; x_wconf 74' lang='lat' dir='ltr'>Aquae</span> <span class='ocrx_word' id='word_1_22' title='bbox 772 1439 800 1486; x_wconf 83' lang='lat' dir='ltr'>s.</span> <span class='ocrx_word' id='word_1_23' title='bbox 823 1438 868 1509; x_wconf 78' lang='lat' dir='ltr'>q,</span> 
     </span>
     <span class='ocr_line' id='line_1_8' title="bbox 222 1541 753 1635; baseline -0.006 -21"><span class='ocrx_word' id='word_1_24' title='bbox 222 1547 262 1615; x_wconf 91' lang='lat' dir='ltr'>ut</span> <span class='ocrx_word' id='word_1_25' title='bbox 281 1542 347 1615; x_wconf 86' lang='lat' dir='ltr'>fiat</span> <span class='ocrx_word' id='word_1_26' title='bbox 365 1563 496 1614; x_wconf 87' lang='lat' dir='ltr'>massa</span> <span class='ocrx_word' id='word_1_27' title='bbox 518 1541 753 1635; x_wconf 88' lang='lat' dir='ltr'>pultilormis.</span> 
     </span>
    </p>

    <p class='ocr_par' dir='ltr' id='par_1_4' title="bbox 222 1665 1421 2270">
     <span class='ocr_line' id='line_1_9' title="bbox 331 1665 1416 1762; baseline -0.003 -22"><span class='ocrx_word' id='word_1_28' title='bbox 331 1669 464 1762; x_wconf 89' lang='lat' dir='ltr'>Digere</span> <span class='ocrx_word' id='word_1_29' title='bbox 485 1669 636 1761; x_wconf 90' lang='lat' dir='ltr'>saepius</span> <span class='ocrx_word' id='word_1_30' title='bbox 652 1668 829 1760; x_wconf 88' lang='lat' dir='ltr'>agitando</span> <span class='ocrx_word' id='word_1_31' title='bbox 851 1673 888 1741; x_wconf 85' lang='lat' dir='ltr'>at</span> <span class='ocrx_word' id='word_1_32' title='bbox 907 1689 1046 1760; x_wconf 85' lang='lat' dir='ltr'>aquam</span> <span class='ocrx_word' id='word_1_33' title='bbox 1066 1671 1308 1762; x_wconf 85' lang='lat' dir='ltr'>evaporatam</span> <span class='ocrx_word' id='word_1_34' title='bbox 1328 1665 1416 1740; x_wconf 92' lang='lat' dir='ltr'>sub·</span> 
     </span>
     <span class='ocr_line' id='line_1_10' title="bbox 222 1795 1421 1888; baseline 0 -20"><span class='ocrx_word' id='word_1_35' title='bbox 222 1797 307 1869; x_wconf 88' lang='lat' dir='ltr'>inde</span> <span class='ocrx_word' id='word_1_36' title='bbox 345 1797 572 1870; x_wconf 88' lang='lat' dir='ltr'>restituendo</span> <span class='ocrx_word' id='word_1_37' title='bbox 612 1798 730 1870; x_wconf 87' lang='lat' dir='ltr'>donec</span> <span class='ocrx_word' id='word_1_38' title='bbox 768 1795 920 1883; x_wconf 84' lang='lat' dir='ltr'>serrum,</span> <span class='ocrx_word' id='word_1_39' title='bbox 959 1801 1141 1888; x_wconf 84' lang='lat' dir='ltr'>quantum</span> <span class='ocrx_word' id='word_1_40' title='bbox 1178 1795 1256 1866; x_wconf 85' lang='lat' dir='ltr'>fieri</span> <span class='ocrx_word' id='word_1_41' title='bbox 1288 1800 1421 1886; x_wconf 86' lang='lat' dir='ltr'>potest,</span> 
     </span>
     <span class='ocr_line' id='line_1_11' title="bbox 224 1921 1421 2015; baseline -0.003 -18"><span class='ocrx_word' id='word_1_42' title='bbox 224 1925 388 1998; x_wconf 91' lang='lat' dir='ltr'>solutum</span> <span class='ocrx_word' id='word_1_43' title='bbox 420 1923 529 1997; x_wconf 84' lang='lat' dir='ltr'>luerit</span> <span class='ocrx_word' id='word_1_44' title='bbox 561 1929 597 1996; x_wconf 92' lang='lat' dir='ltr'>et</span> <span class='ocrx_word' id='word_1_45' title='bbox 630 1945 758 1996; x_wconf 90' lang='lat' dir='ltr'>massa</span> <span class='ocrx_word' id='word_1_46' title='bbox 790 1921 934 2015; x_wconf 89' lang='lat' dir='ltr'>pultem</span> <span class='ocrx_word' id='word_1_47' title='bbox 965 1923 1148 2015; x_wconf 84' lang='lat' dir='ltr'>praebeat</span> <span class='ocrx_word' id='word_1_48' title='bbox 1175 1921 1421 2013; x_wconf 83' lang='lat' dir='ltr'>aequabilem,</span> 
     </span>
     <span class='ocr_line' id='line_1_12' title="bbox 223 2049 1419 2142; baseline -0.002 -18"><span class='ocrx_word' id='word_1_49' title='bbox 223 2057 402 2139; x_wconf 77' lang='lat' dir='ltr'>tenacem,</span> <span class='ocrx_word' id='word_1_50' title='bbox 422 2071 441 2122; x_wconf 92' lang='lat' dir='ltr'>e</span> <span class='ocrx_word' id='word_1_51' title='bbox 462 2049 868 2142; x_wconf 84' lang='lat' dir='ltr'>viridi-nigrescentem,</span> <span class='ocrx_word' id='word_1_52' title='bbox 890 2070 959 2141; x_wconf 90' lang='lat' dir='ltr'>pro</span> <span class='ocrx_word' id='word_1_53' title='bbox 978 2049 1145 2122; x_wconf 84' lang='lat' dir='ltr'>maxima</span> <span class='ocrx_word' id='word_1_54' title='bbox 1163 2070 1234 2122; x_wconf 90' lang='lat' dir='ltr'>sua</span> <span class='ocrx_word' id='word_1_55' title='bbox 1252 2055 1359 2142; x_wconf 89' lang='lat' dir='ltr'>parte</span> <span class='ocrx_word' id='word_1_56' title='bbox 1379 2049 1419 2122; x_wconf 92' lang='lat' dir='ltr'>in</span> 
     </span>
     <span class='ocr_line' id='line_1_13' title="bbox 224 2177 713 2270; baseline 0.002 -20"><span class='ocrx_word' id='word_1_57' title='bbox 224 2199 324 2270; x_wconf 80' lang='lat' dir='ltr'>aqua</span> <span class='ocrx_word' id='word_1_58' title='bbox 342 2177 484 2249; x_wconf 88' lang='lat' dir='ltr'>fervida</span> <span class='ocrx_word' id='word_1_59' title='bbox 503 2177 713 2251; x_wconf 86' lang='lat' dir='ltr'>solubilem.</span> 
     </span>
    </p>

    <p class='ocr_par' dir='ltr' id='par_1_5' title="bbox 333 2303 933 2398">
     <span class='ocr_line' id='line_1_14' title="bbox 333 2303 933 2398; baseline 0.003 -22"><span class='ocrx_word' id='word_1_60' title='bbox 333 2303 555 2378; x_wconf 79' lang='lat' dir='ltr'>Formantur</span> <span class='ocrx_word' id='word_1_61' title='bbox 575 2305 734 2394; x_wconf 87' lang='lat' dir='ltr'>Globuli‚</span> <span class='ocrx_word' id='word_1_62' title='bbox 755 2305 933 2398; x_wconf 88' lang='lat' dir='ltr'>ponderis</span> 
     </span>
    </p>

    <p class='ocr_par' dir='ltr' id='par_1_6' title="bbox 226 2432 1420 2652">
     <span class='ocr_line' id='line_1_15' title="bbox 873 2432 1420 2529; baseline 0 -25"><span class='ocrx_word' id='word_1_63' title='bbox 873 2439 1111 2529; x_wconf 68' lang='lat' dir='ltr'>praetitulatum</span> <span class='ocrx_word' id='word_1_64' title='bbox 1131 2432 1274 2528; x_wconf 78' lang='lat' dir='ltr'>tripinta</span> <span class='ocrx_word' id='word_1_65' title='bbox 1370 2433 1420 2504; x_wconf 89' lang='lat'>30</span> 
     </span>
     <span class='ocr_line' id='line_1_16' title="bbox 226 2558 1270 2652; baseline -0.001 -21"><span class='ocrx_word' id='word_1_66' title='bbox 226 2558 287 2652; x_wconf 82' lang='lat' dir='ltr'>qui</span> <span class='ocrx_word' id='word_1_67' title='bbox 307 2559 380 2632; x_wconf 88' lang='lat' dir='ltr'>leni</span> <span class='ocrx_word' id='word_1_68' title='bbox 400 2560 524 2634; x_wconf 87' lang='lat' dir='ltr'>calore</span> <span class='ocrx_word' id='word_1_69' title='bbox 544 2561 723 2634; x_wconf 78' lang='lat' dir='ltr'>exsiccati</span> <span class='ocrx_word' id='word_1_70' title='bbox 742 2561 779 2632; x_wconf 91' lang='lat' dir='ltr'>in</span> <span class='ocrx_word' id='word_1_71' title='bbox 799 2581 890 2632; x_wconf 89' lang='lat' dir='ltr'>vase</span> <span class='ocrx_word' id='word_1_72' title='bbox 912 2560 1042 2633; x_wconf 85' lang='lat' dir='ltr'>clauso</span> <span class='ocrx_word' id='word_1_73' title='bbox 1063 2565 1270 2633; x_wconf 87' lang='lat' dir='ltr'>serventur.</span> 
     </span>
    </p>

    <p class='ocr_par' dir='ltr' id='par_1_7' title="bbox 226 2686 1426 3035">
     <span class='ocr_line' id='line_1_17' title="bbox 333 2686 1424 2780; baseline 0 -22"><span class='ocrx_word' id='word_1_74' title='bbox 333 2687 414 2761; x_wconf 90' lang='lat' dir='ltr'>Sint</span> <span class='ocrx_word' id='word_1_75' title='bbox 436 2688 546 2780; x_wconf 81' lang='lat' dir='ltr'>nigri,</span> <span class='ocrx_word' id='word_1_76' title='bbox 571 2689 749 2776; x_wconf 79' lang='lat' dir='ltr'>nitenteS,</span> <span class='ocrx_word' id='word_1_77' title='bbox 778 2709 862 2760; x_wconf 85' lang='lat' dir='ltr'>cum</span> <span class='ocrx_word' id='word_1_78' title='bbox 890 2709 1012 2780; x_wconf 86' lang='lat' dir='ltr'>aquae</span> <span class='ocrx_word' id='word_1_79' title='bbox 1040 2686 1228 2760; x_wconf 88' lang='lat' dir='ltr'>bullientis</span> <span class='ocrx_word' id='word_1_80' title='bbox 1253 2687 1424 2778; x_wconf 85' lang='lat' dir='ltr'>partibus</span> 
     </span>
     <span class='ocr_line' id='line_1_18' title="bbox 226 2813 1426 2908; baseline -0.001 -22"><span class='ocrx_word' id='word_1_81' title='bbox 226 2820 308 2886; x_wconf 83' lang='lat' dir='ltr'>octo</span> <span class='ocrx_word' id='word_1_82' title='bbox 326 2814 551 2888; x_wconf 88' lang='lat' dir='ltr'>solutionem</span> <span class='ocrx_word' id='word_1_83' title='bbox 572 2837 592 2886; x_wconf 92' lang='lat' dir='ltr'>e</span> <span class='ocrx_word' id='word_1_84' title='bbox 612 2815 1014 2906; x_wconf 86' lang='lat' dir='ltr'>viridi-nigrescentem</span> <span class='ocrx_word' id='word_1_85' title='bbox 1037 2814 1254 2908; x_wconf 87' lang='lat' dir='ltr'>praebeant,</span> <span class='ocrx_word' id='word_1_86' title='bbox 1274 2813 1426 2886; x_wconf 89' lang='lat' dir='ltr'>residuo</span> 
     </span>
     <span class='ocr_line' id='line_1_19' title="bbox 227 2942 670 3035; baseline 0.005 -22"><span class='ocrx_word' id='word_1_87' title='bbox 227 2942 374 3014; x_wconf 89' lang='lat' dir='ltr'>nonnisi</span> <span class='ocrx_word' id='word_1_88' title='bbox 394 2965 511 3035; x_wconf 90' lang='lat' dir='ltr'>parvo</span> <span class='ocrx_word' id='word_1_89' title='bbox 530 2943 670 3017; x_wconf 76' lang='lat' dir='ltr'>relicto,</span> 
     </span>
    </p>
   </div>
   <div class='ocr_carea' id='block_1_4' title="bbox 227 3135 1450 4808">
    <p class='ocr_par' dir='ltr' id='par_1_8' title="bbox 649 3135 1009 3270">
     <span class='ocr_line' id='line_1_20' title="bbox 649 3135 1009 3270; baseline -0.011 -22"><span class='ocrx_word' id='word_1_90' title='bbox 649 3135 1009 3270; x_wconf 75' lang='lat' dir='ltr'>Glyoarimm.</span> 
     </span>
    </p>

    <p class='ocr_par' dir='ltr' id='par_1_9' title="bbox 227 3297 1429 3907">
     <span class='ocr_line' id='line_1_21' title="bbox 333 3297 1424 3400; baseline 0.002 -23"><span class='ocrx_word' id='word_1_91' title='bbox 333 3297 472 3398; x_wconf 80' lang='lat' dir='ltr'>Liquor</span> <span class='ocrx_word' id='word_1_92' title='bbox 505 3307 635 3400; x_wconf 90' lang='lat' dir='ltr'>syrupi</span> <span class='ocrx_word' id='word_1_93' title='bbox 669 3306 945 3396; x_wconf 80' lang='lat' dir='ltr'>consistentiae,</span> <span class='ocrx_word' id='word_1_94' title='bbox 983 3306 1172 3400; x_wconf 90' lang='lat' dir='ltr'>limpidus,</span> <span class='ocrx_word' id='word_1_95' title='bbox 1213 3305 1348 3379; x_wconf 88' lang='lat' dir='ltr'>eoloris</span> <span class='ocrx_word' id='word_1_96' title='bbox 1387 3311 1424 3379; x_wconf 91' lang='lat' dir='ltr'>et</span> 
     </span>
     <span class='ocr_line' id='line_1_22' title="bbox 227 3433 1426 3527; baseline -0.001 -21"><span class='ocrx_word' id='word_1_97' title='bbox 227 3433 351 3506; x_wconf 90' lang='lat' dir='ltr'>odoris</span> <span class='ocrx_word' id='word_1_98' title='bbox 370 3455 514 3527; x_wconf 82' lang='lat' dir='ltr'>expers,</span> <span class='ocrx_word' id='word_1_99' title='bbox 535 3434 679 3527; x_wconf 89' lang='lat' dir='ltr'>saporis</span> <span class='ocrx_word' id='word_1_100' title='bbox 694 3435 828 3524; x_wconf 71' lang='lat' dir='ltr'>duleis</span> <span class='ocrx_word' id='word_1_101' title='bbox 848 3435 1045 3506; x_wconf 86' lang='lat' dir='ltr'>reaetionis</span> <span class='ocrx_word' id='word_1_102' title='bbox 1065 3434 1248 3524; x_wconf 80' lang='lat' dir='ltr'>neutriuS,</span> <span class='ocrx_word' id='word_1_103' title='bbox 1265 3434 1304 3506; x_wconf 88' lang='lat' dir='ltr'>in</span> <span class='ocrx_word' id='word_1_104' title='bbox 1325 3453 1426 3525; x_wconf 89' lang='lat' dir='ltr'>aqua</span> 
     </span>
     <span class='ocr_line' id='line_1_23' title="bbox 228 3559 1428 3655; baseline -0.003 -21"><span class='ocrx_word' id='word_1_105' title='bbox 228 3567 263 3634; x_wconf 87' lang='lat' dir='ltr'>et</span> <span class='ocrx_word' id='word_1_106' title='bbox 294 3561 425 3654; x_wconf 88' lang='lat' dir='ltr'>spiritu</span> <span class='ocrx_word' id='word_1_107' title='bbox 460 3561 530 3634; x_wconf 83' lang='lat' dir='ltr'>vini</span> <span class='ocrx_word' id='word_1_108' title='bbox 555 3561 687 3653; x_wconf 84' lang='lat' dir='ltr'>quavis</span> <span class='ocrx_word' id='word_1_109' title='bbox 715 3562 956 3655; x_wconf 76' lang='lat' dir='ltr'>proportione</span> <span class='ocrx_word' id='word_1_110' title='bbox 986 3561 1169 3650; x_wconf 89' lang='lat' dir='ltr'>solubilis,</span> <span class='ocrx_word' id='word_1_111' title='bbox 1200 3561 1239 3633; x_wconf 91' lang='lat' dir='ltr'>in</span> <span class='ocrx_word' id='word_1_112' title='bbox 1278 3559 1428 3632; x_wconf 87' lang='lat' dir='ltr'>aethere</span> 
     </span>
     <span class='ocr_line' id='line_1_24' title="bbox 229 3687 1429 3781; baseline -0.001 -21"><span class='ocrx_word' id='word_1_113' title='bbox 229 3709 304 3760; x_wconf 90' lang='lat' dir='ltr'>non</span> <span class='ocrx_word' id='word_1_114' title='bbox 330 3687 496 3776; x_wconf 88' lang='lat' dir='ltr'>solvitur,</span> <span class='ocrx_word' id='word_1_115' title='bbox 520 3688 702 3781; x_wconf 88' lang='lat' dir='ltr'>ponderis</span> <span class='ocrx_word' id='word_1_116' title='bbox 729 3689 893 3780; x_wconf 84' lang='lat' dir='ltr'>specifici</span> <span class='ocrx_word' id='word_1_117' title='bbox 918 3689 1015 3762; x_wconf 53' lang='grc'>195.</span> <span class='ocrx_word' id='word_1_118' title='bbox 1042 3687 1084 3760; x_wconf 92' lang='lat' dir='ltr'>ln</span> <span class='ocrx_word' id='word_1_119' title='bbox 1103 3688 1245 3760; x_wconf 89' lang='lat' dir='ltr'>lamina</span> <span class='ocrx_word' id='word_1_120' title='bbox 1264 3687 1429 3779; x_wconf 88' lang='lat' dir='ltr'>platinea</span> 
     </span>
     <span class='ocr_line' id='line_1_25' title="bbox 229 3814 1088 3907; baseline 0.002 -21"><span class='ocrx_word' id='word_1_121' title='bbox 229 3815 448 3887; x_wconf 86' lang='lat' dir='ltr'>calefactum</span> <span class='ocrx_word' id='word_1_122' title='bbox 468 3814 660 3907; x_wconf 75' lang='lat' dir='ltr'>deflagrat,</span> <span class='ocrx_word' id='word_1_123' title='bbox 679 3815 834 3888; x_wconf 88' lang='lat' dir='ltr'>residuo</span> <span class='ocrx_word' id='word_1_124' title='bbox 854 3836 931 3888; x_wconf 92' lang='lat' dir='ltr'>non</span> <span class='ocrx_word' id='word_1_125' title='bbox 949 3816 1088 3888; x_wconf 85' lang='lat' dir='ltr'>relicto.</span> 
     </span>
    </p>

    <p class='ocr_par' dir='ltr' id='par_1_10' title="bbox 230 3941 1450 4675">
     <span class='ocr_line' id='line_1_26' title="bbox 337 3941 1422 4035; baseline -0.002 -21"><span class='ocrx_word' id='word_1_126' title='bbox 337 3941 480 4015; x_wconf 89' lang='lat' dir='ltr'>Solutio</span> <span class='ocrx_word' id='word_1_127' title='bbox 533 3963 680 4035; x_wconf 88' lang='lat' dir='ltr'>aquosa</span> <span class='ocrx_word' id='word_1_128' title='bbox 730 3963 800 4014; x_wconf 84' lang='lat' dir='ltr'>nee</span> <span class='ocrx_word' id='word_1_129' title='bbox 853 3963 954 4035; x_wconf 87' lang='lat' dir='ltr'>aqua</span> <span class='ocrx_word' id='word_1_130' title='bbox 999 3943 1318 4033; x_wconf 77' lang='lat' dir='ltr'>hydrosulfurata</span> <span class='ocrx_word' id='word_1_131' title='bbox 1352 3961 1422 4013; x_wconf 87' lang='lat' dir='ltr'>nee</span> 
     </span>
     <span class='ocr_line' id='line_1_27' title="bbox 230 4069 1427 4161; baseline -0.003 -19"><span class='ocrx_word' id='word_1_132' title='bbox 230 4069 417 4142; x_wconf 86' lang='lat' dir='ltr'>ammonio</span> <span class='ocrx_word' id='word_1_133' title='bbox 437 4069 632 4156; x_wconf 69' lang='lat' dir='ltr'>sulfurato</span> <span class='ocrx_word' id='word_1_134' title='bbox 652 4090 722 4142; x_wconf 84' lang='lat' dir='ltr'>nee</span> <span class='ocrx_word' id='word_1_135' title='bbox 737 4070 853 4160; x_wconf 88' lang='lat' dir='ltr'>baryo</span> <span class='ocrx_word' id='word_1_136' title='bbox 868 4069 1011 4158; x_wconf 83' lang='lat' dir='ltr'>uitrico,</span> <span class='ocrx_word' id='word_1_137' title='bbox 1031 4075 1187 4161; x_wconf 88' lang='lat' dir='ltr'>argento</span> <span class='ocrx_word' id='word_1_138' title='bbox 1209 4069 1341 4142; x_wconf 85' lang='lat' dir='ltr'>uitrico</span> <span class='ocrx_word' id='word_1_139' title='bbox 1361 4072 1427 4140; x_wconf 91' lang='lat' dir='ltr'>aut</span> 
     </span>
     <span class='ocr_line' id='line_1_28' title="bbox 231 4197 1424 4289; baseline 0 -20"><span class='ocrx_word' id='word_1_140' title='bbox 231 4197 416 4270; x_wconf 91' lang='lat' dir='ltr'>ammonio</span> <span class='ocrx_word' id='word_1_141' title='bbox 450 4197 595 4270; x_wconf 88' lang='lat' dir='ltr'>oxalioo</span> <span class='ocrx_word' id='word_1_142' title='bbox 629 4203 803 4271; x_wconf 90' lang='lat' dir='ltr'>mutetur.</span> <span class='ocrx_word' id='word_1_143' title='bbox 843 4198 938 4272; x_wconf 87' lang='lat' dir='ltr'>Cum</span> <span class='ocrx_word' id='word_1_144' title='bbox 974 4199 1096 4272; x_wconf 88' lang='lat' dir='ltr'>natrio</span> <span class='ocrx_word' id='word_1_145' title='bbox 1134 4197 1424 4289; x_wconf 84' lang='lat' dir='ltr'>hydrooxydato</span> 
     </span>
     <span class='ocr_line' id='line_1_29' title="bbox 232 4325 1450 4418; baseline 0 -20"><span class='ocrx_word' id='word_1_146' title='bbox 232 4326 356 4399; x_wconf 89' lang='lat' dir='ltr'>soluto</span> <span class='ocrx_word' id='word_1_147' title='bbox 378 4325 615 4418; x_wconf 78' lang='lat' dir='ltr'>Glycerinum</span> <span class='ocrx_word' id='word_1_148' title='bbox 634 4326 857 4400; x_wconf 85' lang='lat' dir='ltr'>calefactum</span> <span class='ocrx_word' id='word_1_149' title='bbox 885 4348 955 4399; x_wconf 84' lang='lat' dir='ltr'>nee</span> <span class='ocrx_word' id='word_1_150' title='bbox 975 4328 1172 4414; x_wconf 85' lang='lat' dir='ltr'>coloretur,</span> <span class='ocrx_word' id='word_1_151' title='bbox 1191 4346 1261 4397; x_wconf 88' lang='lat' dir='ltr'>nee</span> <span class='ocrx_word' id='word_1_152' title='bbox 1281 4347 1424 4398; x_wconf 88' lang='lat' dir='ltr'>ammo·</span> <span class='ocrx_word' id='word_1_153' title='bbox 1445 4391 1450 4398; x_wconf 92' lang='lat'><em>.</em></span> 
     </span>
     <span class='ocr_line' id='line_1_30' title="bbox 232 4453 1428 4544; baseline 0.001 -20"><span class='ocrx_word' id='word_1_154' title='bbox 232 4453 332 4526; x_wconf 90' lang='lat' dir='ltr'>niam</span> <span class='ocrx_word' id='word_1_155' title='bbox 364 4455 518 4544; x_wconf 89' lang='lat' dir='ltr'>emittat,</span> <span class='ocrx_word' id='word_1_156' title='bbox 556 4477 643 4528; x_wconf 84' lang='lat' dir='ltr'>oum</span> <span class='ocrx_word' id='word_1_157' title='bbox 677 4455 782 4528; x_wconf 83' lang='lat' dir='ltr'>acido</span> <span class='ocrx_word' id='word_1_158' title='bbox 817 4456 995 4529; x_wconf 87' lang='lat' dir='ltr'>sulfurieo</span> <span class='ocrx_word' id='word_1_159' title='bbox 1034 4455 1150 4528; x_wconf 89' lang='lat' dir='ltr'>diluto</span> <span class='ocrx_word' id='word_1_160' title='bbox 1184 4453 1428 4527; x_wconf 82' lang='lat' dir='ltr'>fervefactum</span> 
     </span>
     <span class='ocr_line' id='line_1_31' title="bbox 232 4581 1050 4675; baseline 0.004 -23"><span class='ocrx_word' id='word_1_161' title='bbox 232 4581 384 4655; x_wconf 89' lang='lat' dir='ltr'>odorem</span> <span class='ocrx_word' id='word_1_162' title='bbox 401 4581 600 4656; x_wconf 88' lang='lat' dir='ltr'>insuavem</span> <span class='ocrx_word' id='word_1_163' title='bbox 618 4581 814 4655; x_wconf 85' lang='lat' dir='ltr'>rancidum</span> <span class='ocrx_word' id='word_1_164' title='bbox 835 4603 882 4655; x_wconf 89' lang='lat' dir='ltr'>ne</span> <span class='ocrx_word' id='word_1_165' title='bbox 903 4583 1050 4675; x_wconf 87' lang='lat' dir='ltr'>prodat.</span> 
     </span>
    </p>

    <p class='ocr_par' dir='ltr' id='par_1_11' title="bbox 345 4705 574 4808">
     <span class='ocr_line' id='line_1_32' title="bbox 345 4705 574 4808; baseline 0 -28"><span class='ocrx_word' id='word_1_166' title='bbox 345 4705 574 4808; x_wconf 79' lang='lat' dir='ltr'>Uapaentum.</span> 
     </span>
    </p>
   </div>
   <div class='ocr_carea' id='block_1_5' title="bbox 0 0 1825 5534">
    <p class='ocr_par' dir='ltr' id='par_1_12' title="bbox 0 0 1825 5534">
     <span class='ocr_line' id='line_1_33' title="bbox 0 0 1825 5534; baseline 0 0"><span class='ocrx_word' id='word_1_167' title='bbox 0 0 1825 5534; x_wconf 95' lang='lat' dir='ltr'> </span> 
     </span>
    </p>
   </div>
  </div>
 </body>
</html>
