3600 5534
690 548 928 623 -169-

528 759 759 901 Lignum
795 757 1075 897 (inussisse.

317 983 475 1072 Quossio
492 1006 619 1086 amoro
636 983 771 1076 Linn.,
797 985 921 1059 frutex
951 990 1016 1059 aut
1039 984 1240 1058 arbuscula
1257 984 1399 1057 Ameri-

204 1133 269 1185 cae
288 1112 465 1204 tropicae.
486 1110 761 1191 Simorcbocecc.

309 1240 471 1332 Lignum
488 1241 610 1313 trunci
630 1247 667 1314 et
684 1263 878 1316 ramorum
899 1242 1074 1334 (Lignum
1094 1240 1278 1330 Quassiae
1299 1238 1399 1312 Suri·

203 1370 397 1457 namense)
413 1368 452 1439 in
470 1370 675 1459 segmentis
690 1370 912 1459 cylindrieis,
928 1368 1060 1463 pulicis
1077 1368 1125 1439 ad
1140 1368 1282 1440 brachii
1301 1389 1399 1440 cras-

203 1495 378 1582 situdine,
398 1495 461 1567 vix
476 1496 741 1586 crassioribus,
760 1497 983 1590 plerumque
1000 1498 1135 1569 cortice
1150 1496 1262 1585 tenui,
1282 1516 1400 1568 unum

208 1620 257 1693 ad
276 1643 396 1694 unum
415 1626 452 1694 et
471 1622 668 1695 dimidium
686 1623 941 1697 millimetrum
962 1645 1101 1711 crasso,
1123 1624 1228 1696 facile
1248 1643 1401 1715 separa-

206 1750 279 1841 nni,
300 1755 409 1822 extus
428 1750 536 1838 laevi,
557 1749 680 1840 griseo
702 1755 767 1822 aut
785 1750 972 1839 subfusco,
992 1750 1137 1841 passim
1155 1750 1402 1841 nigrescente-

207 1881 397 1969 punctato,
413 1876 553 1950 fibroso
570 1876 739 1969 obtectis,
753 1877 920 1951 cibidum
934 1876 992 1949 ve]
1008 1878 1298 1967 subflavescens
1313 1877 1403 1967 leve,

209 2002 316 2076 facile
337 2003 461 2093 fissile,
480 2004 643 2077 tenuiter
661 2004 850 2092 fibrosum
869 2004 1165 2093 tenacissimum,
1180 2005 1219 2077 in
1239 2006 1403 2077 sectione

206 2137 425 2203 transversa
448 2129 563 2203 radiis
591 2130 861 2203 medullarihus
888 2131 1110 2219 tenerrimis
1133 2132 1403 2224 approximatis

207 2258 434 2351 annulisque
456 2257 773 2331 subconcentricis
803 2257 985 2349 angustis
1014 2258 1206 2331 instructis
1226 2278 1405 2331 vasorum

206 2385 391 2478 aperturis
400 2385 622 2477 plerumque
638 2384 736 2458 binis
754 2390 819 2457 aut
833 2384 950 2457 ternis
967 2385 1189 2476 aggregatis,
1201 2386 1271 2457 sub
1286 2386 1405 2457 forma

205 2517 430 2606 punctorum
451 2511 672 2585 albidorum.
694 2511 846 2604 Saporis
872 2516 930 2584 est
948 2511 1182 2602 amarissimi,
1204 2512 1268 2585 diu
1288 2512 1402 2583 fauci-

207 2640 279 2713 bus
297 2640 501 2713 haerentis.

312 2766 475 2859 Lignum
488 2762 696 2838 Simoruboe
710 2766 858 2839 excelsae
868 2764 989 2857 (DQ),
1002 2766 1144 2838 arboris
1159 2767 1329 2860 inprimis
1348 2769 1402 2841 in-

206 2894 377 2968 sularum
394 2892 523 2967 Indiae
543 2892 794 2985 occidentalis,
814 2894 868 2966 sic
888 2892 1029 2966 dictum
1043 2892 1202 2984 Lignum
1222 2894 1405 2983 Quassiae

205 3022 452 3110 Jamaicense,
472 3026 648 3115 prostans
669 3022 708 3092 in
727 3022 932 3111 segmentis
952 3020 1202 3111 validioribus,
1225 3023 1405 3097 diametro

206 3169 327 3241 usqne
348 3149 396 3220 ad
414 3147 487 3219 tria
506 3147 709 3220 decimetra
727 3154 764 3219 et
781 3148 886 3239 ultra
908 3128 1057 3220 cortice¹
1073 3150 1120 3221 ad
1151 3170 1268 3223 unum
1292 3153 1404 3225 centi-

205 3282 369 3350 metrum
378 3297 518 3366 crasso,
539 3278 643 3367 duro,
663 3277 793 3369 rigido,
814 3277 970 3369 lignosa
986 3278 1207 3369 plerumque
1227 3284 1328 3351 arcte
1340 3281 1404 3351 ad-

206 3404 386 3477 haerente
423 3406 539 3497 iectis,
574 3409 765 3477 caeterum
798 3426 934 3496 parum
967 3404 1141 3476 differens
1173 3424 1243 3476 nec
1272 3406 1408 3479 virtute

208 3530 356 3604 medica
387 3531 488 3623 ligno
517 3530 702 3620 Quassiae
731 3551 882 3603 amarae
913 3531 1060 3621 cedens
1094 3532 1206 3605 etiam
1241 3532 1408 3606 adhiberi

205 3658 302 3749 licet
321 3678 370 3731 ne
389 3678 478 3731 vero
500 3658 724 3732 adhibeatur
741 3680 877 3731 rasura
896 3658 1053 3732 venalis,

318 3782 533 3858 &structum

381 4263 387 4269 θ
444 4109 673 4251 Lignum
700 4073 910 4216 Suntali
935 4108 1177 4219 rubrum.

318 4330 555 4428 Pteromrpan
569 4332 771 4405 sentations
786 4334 910 4407 Linn.
932 4334 1003 4423 fii,
1024 4335 1135 4407 arbor
1148 4334 1273 4408 Indiae
1288 4336 1409 4408 orien-

210 4458 308 4533 talis.
327 4456 593 4556 Leguminoscc.
619 4458 895 4555 Popilionoceoe.

320 4587 512 4660 Duramen
529 4587 664 4677 munci,
684 4587 884 4661 liberatum
912 4610 936 4661 a
963 4589 1098 4662 cortice
1130 4596 1167 4662 et
1186 4590 1232 4663 ab
1253 4589 1411 4662 alburno

212 4713 346 4805 alhido,
362 4720 538 4808 prostans
548 4716 588 4787 in
602 4715 792 4787 codicibus
805 4721 841 4788 et
851 4717 1056 4808 segmentis
1066 4738 1133 4810 per
1143 4718 1412 4807 longitudinem
