3600 5534
854 595 898 605 —
931 551 1094 626 XIV—

480 766 568 854 Ubi
591 766 826 857 admonitio
850 778 997 857 notatu
1022 770 1154 886 digna
1174 767 1409 882 videbatur,
1451 771 1569 887 quali

374 959 476 1018 cura
518 946 767 1049 praeparata
810 937 971 1022 servari
1016 933 1211 1046 debeant,
1255 937 1315 1024 ibi
1357 937 1570 1022 monitum

374 1096 589 1210 singulare
613 1096 860 1211 adjunctum
885 1107 959 1185 est.

484 1261 663 1348 Ratione
702 1259 850 1348 habita
889 1262 1209 1373 desideriorum,
1257 1291 1367 1380 quae
1412 1269 1505 1351 tum
1543 1291 1570 1351 a

374 1425 553 1514 medicis
578 1455 711 1542 quum
734 1455 760 1511 a
781 1426 1129 1542 pharmacopolis
1167 1425 1327 1543 ubique
1362 1436 1568 1516 terrarum
1593 1496 1604 1510 .

376 1591 667 1706 exprimuntur
690 1599 731 1676 et
754 1619 806 1678 eo
828 1589 1016 1700 tendunt,
1042 1602 1089 1678 ut
1118 1591 1256 1706 major
1277 1597 1503 1678 consensio
1529 1593 1571 1676 in

375 1753 777 1870 praescriptionibus
827 1783 906 1870 pro
960 1755 1159 1870 parandis
1213 1754 1569 1844 medicaminibus

377 1919 732 2034 plrarmacenticis
755 1919 965 2034 imprimis
988 1921 1156 2007 toxicae
1185 1918 1341 2035 indolis
1370 1922 1413 2004 in
1442 1921 1570 2035 phar-

376 2083 626 2198 macopoeis
664 2091 929 2200 assequatur,
972 2085 1158 2171 rationes
1197 2085 1241 2170 in
1278 2083 1472 2171 formulis
1515 2082 1571 2170 ad

378 2243 600 2333 efficienda
619 2255 808 2334 extracta
825 2255 865 2332 et
882 2248 1083 2336 tincturas
1093 2231 1364 2362 praescriptis
1376 2255 1570 2363 receptae

378 2419 486 2520 sunt,
543 2438 653 2527 quae
712 2411 756 2496 in
810 2410 1212 2527 praescriptionibus
1266 2408 1570 2498 notabiliorum
1629 2410 1635 2421 ’

377 2575 820 2690 pharmacopoearurn
831 2575 1079 2661 novissimis
1089 2573 1352 2690 temporibus
1366 2572 1569 2661 editarum

377 2746 614 2848 occurrunt,
670 2739 773 2825 item
819 2747 860 2824 et
903 2736 1134 2826 methodus
1184 2739 1483 2856 percolationis
1527 2741 1571 2825 iu

377 2915 581 3018 apparatu
615 2904 678 2988 sic
711 2901 825 2990 dicto
860 2901 1115 3019 depulsorio,
1157 2931 1244 3018 qua
1277 2902 1416 3017 major
1448 2931 1570 3018 prae-

377 3067 511 3182 parati
535 3067 809 3154 conformitas
840 3075 882 3154 et
915 3067 1196 3181 praestantior
1229 3066 1412 3182 qualitas
1445 3069 1571 3154 attin-

378 3233 502 3344 gitur,
526 3232 624 3318 usui
645 3228 1037 3318 commendabatur.

487 3395 573 3483 Pro
596 3395 735 3482 futuro
759 3423 862 3510 ergo
886 3396 1106 3505 tincturae,
1130 3421 1240 3511 quae
1269 3395 1492 3511 hucusque
1516 3421 1571 3498 ex

377 3567 496 3673 parte
514 3585 599 3646 una
616 3558 875 3646 substantiae
894 3567 937 3644 et
951 3556 1140 3673 partibus
1160 3560 1348 3675 quinque
1365 3557 1571 3646 menstrui

377 3735 586 3839 parantur,
638 3723 741 3840 quin
795 3723 1008 3839 quantitas
1052 3722 1259 3810 tincturae
1314 3720 1570 3809 obtinendae

380 3888 552 3975 definita
573 3887 638 3998 sit,
662 3888 705 3973 in
728 3885 929 4002 ponderis
952 3884 1141 4002 partibus
1174 3886 1324 3974 decem
1363 3885 1571 3973 tincturae

377 4052 577 4141 solubilia
621 4079 674 4138 ex
725 4061 843 4166 parte
898 4081 983 4138 una
1036 4049 1298 4139 substantiae
1354 4048 1570 4137 adhibitae

376 4212 661 4303 continebunt.
687 4213 776 4300 Ubi
813 4216 920 4302 ratio
959 4216 1094 4301 suasit
1123 4212 1354 4300 methodus
1378 4213 1571 4329 percola-

374 4381 502 4467 tionis
547 4378 601 4465 ad
646 4378 835 4494 paranda
878 4387 1067 4467 extracta
1120 4387 1163 4464 et
1205 4380 1408 4466 tincturas
1449 4405 1570 4493 prae-

375 4547 530 4660 scripta
552 4551 626 4630 est.
