3600 5534
705 538 949 612 -161-

584 750 798 859 llalium
815 751 1083 893 jodatum.

340 995 512 1087 crystalli
545 994 708 1083 cubicae,
744 994 948 1083 decoloras
988 996 1026 1071 in
1060 1004 1144 1069 aare
1163 997 1427 1085 immutabiles,

229 1122 401 1197 facillime
420 1122 460 1196 in
479 1144 588 1214 aqua,
615 1122 721 1196 facile
739 1122 779 1195 in
808 1122 942 1216 spiritu
967 1124 1043 1197 viui
1068 1124 1257 1197 solubiles,
1285 1124 1428 1198 Solutio

230 1272 388 1345 aquosa,
407 1250 608 1324 reactionis
640 1250 718 1325 fere
750 1250 930 1339 neutrius²
960 1271 1046 1323 cum
1078 1272 1194 1345 parva
1223 1251 1428 1343 quantitate

230 1400 350 1472 aquae
370 1378 487 1451 chlori
512 1376 629 1451 urixta
655 1378 824 1451 flavescit
849 1383 886 1450 et
910 1378 1215 1453 chlorolormium
1241 1378 1428 1471 adjectum

230 1507 448 1599 quassando
468 1506 592 1578 colora
620 1506 788 1579 violaceo
812 1505 934 1597 tingit3
963 1505 1093 1578 eadem
1120 1507 1226 1580 acido
1254 1506 1427 1580 tartarico

229 1634 379 1709 abunde
399 1632 524 1707 addito
544 1633 740 1727 paullatim
758 1634 1012 1707 sedimentum
1028 1634 1156 1706 album
1172 1634 1427 1725 crystallinum

230 1762 400 1836 demittit.

340 1887 514 1981 Crystalli
531 1888 759 1983 pulveratae,
780 1889 887 1962 acido
908 1888 1084 1962 sulfurico
1101 1890 1218 1963 diluto
1235 1890 1425 1964 humecta-

228 2020 300 2109 tae,
319 2038 390 2090 uec
409 2014 658 2090 effervescant
676 2037 745 2089 nec
766 2018 929 2090 colorem
948 2017 1088 2089 ssavum
1105 2016 1273 2091 induant.

337 2142 481 2218 Solutio
501 2164 645 2236 aquosa
663 2164 733 2216 nec
752 2164 851 2236 aqua
869 2144 1182 2235 hydrosmsurata,
1199 2166 1268 2219 nec
1284 2166 1425 2217 ammo·

228 2272 290 2346 nio
311 2271 505 2359 submoto,
530 2291 599 2343 uec
627 2271 743 2362 baryo
771 2270 903 2343 uitrico
929 2271 1108 2344 turbetur.
1137 2270 1426 2365 Praecipitaturn

226 2399 364 2494 pallide
397 2399 546 2487 flavum,
585 2399 687 2491 quod
725 2420 769 2470 ex
807 2398 995 2472 solutione
1030 2420 1101 2493 ope
1131 2400 1274 2491 argenti
1306 2399 1426 2473 uitrici

227 2527 447 2616 obtinueris
467 2548 553 2599 cum
573 2526 763 2601 ammonia
782 2532 1004 2618 quassatum
1029 2528 1212 2619 liquorem
1237 2528 1425 2622 praebeat,

227 2656 292 2750 qui
309 2656 469 2729 filtratus
489 2657 527 2728 ct
545 2654 653 2728 acido
681 2655 812 2729 uitrico
842 2654 1052 2729 acidulatus
1080 2656 1251 2729 turbidus
1276 2656 1428 2730 nonnisi

228 2782 362 2872 evadit,
390 2803 468 2857 non
492 2803 581 2855 vero
605 2782 890 2877 praecipitatum
911 2784 1073 2877 deponit.
1109 2782 1252 2856 Solutio
1282 2804 1427 2875 aquosa

225 2909 391 3005 pamillo
410 2909 497 2983 ferri
516 2909 683 2983 sulfurici
703 2915 740 2982 et
764 2910 1053 3003 sesquichlorati
1080 2910 1225 3003 adjecto
1259 2916 1296 2983 et
1328 2912 1425 2984 kalio

114 3100 118 3105 ,
226 3038 512 3130 hydrooxydato
527 3038 653 3111 soluto
668 3037 804 3136 mixta..
815 3037 900 3111 dein
920 3038 1051 3111 leniter
1071 3038 1250 3111 calefacta
1265 3039 1424 3131 denique

226 3165 334 3239 acido
373 3166 659 3257 hydrocblorico
704 3170 881 3256 saturata,
923 3165 1086 3239 colorem
1125 3167 1338 3241 caeruleum
1375 3189 1422 3240 ne

226 3292 411 3367 exhibeat.

423 3724 636 3833 llallum
680 3724 1231 3835 Nabla-tartaricum.

432 3971 498 4051 Sal
521 3970 726 4075 Scignotti.
749 3972 942 4049 Tartarus
966 3975 1217 4049 natronatus,

334 4183 508 4275 Crystalli
544 4183 791 4279 prismaticae‚
830 4184 1033 4275 decolores
1066 4186 1285 4279 pellucidae,
1325 4210 1423 4281 aqua

226 4310 359 4403 frigida
376 4309 484 4384 facila
509 4316 546 4384 et
569 4312 730 4405 perlecta
750 4312 940 4385 solubiles.
967 4311 1175 4386 Calefactae
1200 4314 1421 4406 liquescunt,

228 4460 365 4532 aquam
385 4439 640 4531 crystallinam
659 4439 839 4530 emittunt
861 4441 983 4512 calore
1011 4444 1121 4513 aucto
1150 4442 1306 4516 odorem
1340 4466 1420 4516 sac-

228 4565 330 4641 chari
349 4566 437 4639 tosti
456 4572 638 4659 spargrmt
663 4573 698 4641 et
722 4568 761 4642 in
789 4590 959 4641 massam
993 4573 1112 4642 atram
1146 4576 1421 4661 convertuntur,

227 4715 322 4787 quae
335 4694 551 4768 humectata
563 4696 791 4769 coactionem
801 4696 998 4771 alcaliuam
1012 4697 1167 4790 praebet
1181 4704 1217 4772 al
1230 4700 1422 4771 flammam

333 4831 524 4887 mmmm.
1173 4842 1201 4893 11
