3600 5534
876 549 1087 621 ,88-

386 768 540 841 extracti
554 767 679 840 tennis
692 765 973 839 consistentiam
987 765 1213 859 inspissetur
1220 772 1257 839 et
1265 765 1403 857 liquori
1418 765 1581 858 primum

387 896 536 968 defluxo
557 895 817 967 admisceatur.

496 1021 786 1116 spissitudinem
801 1022 903 1114 quod
919 1021 1049 1093 attinet
1059 1026 1320 1108 extractorum,
1332 1023 1493 1112 quatuor
1502 1040 1583 1110 gra·

388 1152 458 1222 dus
481 1149 773 1243 distinquuntur.
799 1149 974 1221 Extracta
993 1153 1095 1220 sunt:

496 1274 707 1352 intensive
727 1275 868 1368 nquna
894 1305 942 1338 =
968 1275 1153 1349 densitare
1173 1252 1356 1349 rnatu
1376 1272 1584 1365 spissioris,

497 1401 622 1481 tenuta
645 1433 692 1466 =
716 1405 901 1478 densitate
920 1405 1043 1477 mellis
1063 1402 1248 1490 recentis;
1267 1401 1499 1492 mellagmes,

499 1530 617 1632 spissa
638 1559 686 1594 =
710 1551 807 1623 quae
827 1531 1042 1623 refrigerata
1062 1530 1202 1603 effundi
1221 1531 1423 1621 nequeunt,

498 1658 594 1735 sicca
618 1689 665 1723 =
688 1658 726 1730 in
744 1659 936 1750 pulverem
954 1659 1168 1750 redigenda.

498 1786 558 1860 Ad
579 1786 723 1859 siccum
740 1785 959 1877 rediguntur
978 1790 1155 1875 extracta,
1176 1787 1209 1858 si
1235 1784 1283 1856 ad
1304 1782 1590 1856 consistentiam

391 1916 606 2009 spissorum
634 1918 846 2005 evaporata,
881 1933 996 2005 super
1023 1913 1170 2004 patinas
1202 1911 1459 2003 porcellaneas
1484 1908 1588 1982 tenui

392 2047 510 2116 strato
530 2061 709 2134 expansa,
729 2040 768 2112 in
786 2041 896 2112 furno
918 2040 1114 2112 siccatorio
1129 2027 1402 2130 temperaturae
1418 2038 1493 2110 400
1511 2057 1587 2109 non

391 2169 584 2243 excedenti
605 2173 798 2260 exponunt
846 2224 853 2239 .

501 2295 677 2368 Extracta
695 2295 749 2368 sic
769 2295 868 2369 dicta
886 2294 1122 2369 narcotica
1142 2293 1288 2364 suntin
1308 2312 1444 2382 genere
1464 2291 1591 2384 spissa

394 2423 592 2498 servanda.
627 2423 677 2498 Ut
709 2444 798 2497 vero
824 2426 996 2516 prompte
1020 2421 1059 2492 in
1082 2421 1204 2494 torma
1231 2421 1397 2512 pulveris
1427 2419 1590 2512 expediri

395 2556 544 2645 queant,
571 2571 699 2624 eorum
718 2570 806 2643 pars
831 2571 919 2638 nna,
950 2570 1035 2621 eum
1056 2548 1202 2640 aequali
1227 2548 1392 2639 pondere
1413 2547 1590 2620 Sacchari

394 2678 519 2752 Lectis
530 2678 711 2771 pulverati
728 2677 855 2750 intime
870 2678 997 2765 mixta,
1018 2676 1091 2749 leni
1105 2675 1227 2749 calore
1247 2677 1421 2748 siccetur.
1439 2674 1591 2748 Pondus

396 2806 645 2880 exsiccatione
680 2805 911 2897 deperditum
946 2803 1071 2875 addito
1106 2803 1295 2876 Saccharo
1322 2803 1450 2876 Laetis
1491 2801 1591 2874 resti-

395 2938 533 3010 tuatur.

507 3059 701 3154 Ejusmodi
716 3060 868 3134 extracti
884 3060 1073 3154 quantitas
1088 3059 1203 3151 duplo
1214 3057 1337 3148 major
1347 3059 1591 3150 dispensetur,

400 3211 515 3285 quam
544 3209 641 3283 quae
671 3210 694 3261 a
722 3188 866 3262 medico
895 3189 1017 3260 forma
1042 3185 1195 3258 extracti
1225 3184 1337 3277 spissi
1364 3185 1595 3278 praescripta

398 3319 517 3393 fuerit.

507 3445 683 3518 Extracta
701 3444 776 3517 sint
794 3443 922 3517 odoris
943 3447 980 3515 et
999 3440 1146 3534 saporis
1166 3439 1362 3533 peculiaris
1379 3439 1592 3513 medicami-

399 3597 502 3662 num,
541 3593 561 3645 e
600 3573 736 3665 quibus
766 3577 958 3665 parantur,
1006 3589 1247 3662 empyreuma
1294 3589 1340 3639 ne
1387 3567 1594 3654 redoleant,

401 3699 560 3776 metallis
579 3699 748 3792 inprimis
769 3720 884 3792 cupro
905 3718 953 3771 ne
974 3697 1050 3770 sint
1068 3695 1273 3788 inquinata.

510 3827 705 3901 Mucedine
726 3829 902 3918 corrupta
919 3824 1144 3917 rejiciantur.

514 3954 716 4027 Serventur
733 3954 773 4026 in
791 3953 892 4026 vasis
912 3952 1008 4028 bene
1028 3950 1147 4039 tectis
1167 3950 1250 4023 loco
1269 3949 1401 4041 frigido
1420 3949 1529 4021 sicco.

406 4375 910 4488 Eoelracmm
919 4366 1241 4480 Acorcm
1256 4363 1600 4479 radicis.

405 4600 507 4691 Rpe:
541 4592 684 4673 uterus
704 4591 845 4671 inculti
866 4590 1077 4691 puiveratac

948 4713 1354 4815 prammota'quiopento
1522 4715 1601 4787 500
