3600 5534
706 515 941 587 -237-

226 733 352 804 ultima
371 733 528 823 vestigia
545 734 777 820 extricantur,
805 733 889 805 dein
909 732 1070 805 resinam
1090 754 1112 803 a
1131 731 1274 821 liquore
1294 751 1421 821 super-

225 864 375 931 natante
395 881 538 953 separa,
558 883 658 952 aqua
675 860 815 933 fervida
832 859 972 952 optime
992 859 1074 931 elue
1094 864 1130 931 et
1150 858 1287 931 elotam
1306 856 1345 929 in
1353 878 1421 927 vas

224 988 499 1080 porcellaneum
525 988 733 1061 immissam
753 985 891 1061 calefac
920 986 957 1058 in
976 986 1113 1058 balneo
1134 1006 1275 1077 aquae,
1302 982 1421 1055 donec

223 1138 310 1207 pars
332 1118 505 1207 exempta
528 1120 564 1187 et
582 1114 796 1206 refrigerata
814 1114 922 1187 facile
940 1113 1091 1187 friabilis
1111 1112 1184 1185 fiat.

332 1241 375 1313 In
394 1241 549 1314 bacillos
570 1242 766 1314 formatam
787 1264 905 1314 serva.

333 1367 386 1439 Sit
396 1368 578 1441 sraetnrae
596 1368 836 1460 splendentia,
848 1368 982 1440 eoloris
994 1388 1013 1438 e
1024 1368 1121 1439 llavo
1135 1366 1237 1455 fusci,
1248 1364 1419 1450 friabilis;

223 1496 328 1568 facile
337 1494 375 1567 in
386 1494 516 1587 spiritu
527 1495 611 1584 vini,
627 1496 809 1588 parumin
820 1496 971 1568 aethere
983 1494 1163 1579 solvatnr;
1183 1494 1221 1565 in
1232 1493 1316 1565 oleo
1327 1496 1418 1564 tere-

223 1623 413 1695 binthinae
432 1628 468 1693 et
483 1623 520 1695 in
533 1623 796 1695 chloroiormio
812 1623 1020 1696 insolubilis
1036 1624 1091 1695 sit.
1113 1623 1154 1694 ln
1166 1624 1328 1713 quinque
1338 1640 1420 1711 par-

225 1749 321 1821 tibus
337 1749 546 1821 ammoniae
562 1750 809 1822 calefaciendo
829 1751 1013 1835 salvatum
1035 1750 1170 1821 solutio
1187 1749 1316 1820 effoeta
1335 1750 1421 1839 ptrsl

224 1876 538 1967 refrigerationem
556 1901 627 1950 nee
650 1880 688 1950 in
709 1878 908 1968 gelatinam
928 1877 1042 1965 abeat,
1068 1899 1136 1949 nee
1157 1875 1262 1949 acido
1283 1873 1418 1963 hydro-

226 2003 387 2075 chlorieo
412 2004 558 2076 acidula
576 2005 673 2076 laeta
693 2005 870 2076 turbetur.

601 2434 749 2543 Roob
775 2434 1040 2575 iuniperi.

227 2660 326 2749 Rpe:
362 2656 554 2733 lruotnn
575 2655 742 2759 iuniperi
763 2662 984 2734 naturarum
1006 2658 1202 2735 reoeutinm
1224 2685 1254 2755 q.
1281 2686 1306 2730 r.

360 2786 549 2859 Contnsos
570 2808 689 2879 eoque
707 2788 745 2859 in

359 2910 480 3013 aqna
500 2910 710 2989 destinatae
727 2939 754 2983 a
778 2939 807 3007 q.

225 3042 344 3115 donoc
363 3040 596 3124 mollescant,
616 3041 701 3112 dein
722 3041 894 3131 exprimo.

332 3168 469 3261 Liquor
484 3167 642 3238 colando
658 3168 861 3259 depuratus
878 3173 1099 3259 evaporatur·
1128 3168 1175 3238 ml
1191 3167 1310 3238 mellis
1327 3168 1420 3257 spis-

225 3295 432 3384 situdinem,
452 3294 584 3365 deinde
815 3386 819 3395 Ι

360 3416 464 3497 Sami
482 3420 670 3521 inspiranti
690 3421 797 3491 teme
812 3419 978 3515 partitas

226 3549 385 3620 addatur

364 3672 535 3749 Saealrari
555 3673 735 3773 pulverati
754 3697 841 3767 pars
860 3700 932 3745 nrm

226 3808 262 3875 et
282 3802 355 3873 leni
375 3801 498 3873 calore
517 3802 743 3892 inspissetur
762 3802 799 3873 in
817 3804 921 3873 roolr.

606 4214 754 4325 Roob
781 4214 1046 4322 Samlmoi.

226 4442 329 4534 Rpe:
359 4438 549 4517 rnatum
570 4436 736 4516 Sanbnoi
756 4438 951 4513 rotantium
973 4464 1004 4533 q.
1029 4466 1056 4509 r.

333 4568 480 4641 Calelae
511 4568 684 4658 agitando
714 4588 835 4657 usqne
865 4566 912 4636 ad
933 4566 1195 4653 elmllitionem,
1227 4566 1357 4637 ‹leinde
1377 4566 1421 4635 'li-

229 4717 382 4787 quorem
411 4716 477 4790 per·
505 4696 666 4769 cribrum
701 4699 891 4768 setaoenm
920 4667 1129 4765 transmitte
1168 4698 1203 4763 et
1231 4692 1422 4765 residuum
