3600 5534
848 534 1089 607 -rrr-
1308 590 1320 627 ,

505 748 657 828 ructus
676 748 858 828 luculenti

507 875 667 954 Sulluris
689 875 859 980 deputati

930 1005 978 1080 du
996 1011 1197 1104 prammata
1216 1004 1379 1100 quinque.
1542 1005 1565 1078 5

479 1134 672 1208 Subtiliter
704 1135 901 1226 pulverata
929 1135 1058 1207 intime
1085 1135 1199 1207 misce
1237 1138 1274 1205 et
1301 1152 1368 1224 per
1406 1131 1567 1205 cribrum

370 1269 566 1337 setaceum
584 1261 723 1354 trajice.
1079 1247 1085 1259 ⁶

599 1530 927 1643 mauro
963 1528 1303 1643 Acamas.

792 1740 952 1817 rubera
970 1738 1149 1818 Aconiti.

478 1913 664 1987 A'conitum
703 1914 871 2009 Nupellus
914 1915 1047 1988 Linn.
1100 1914 1253 2008 ejusque
1291 1914 1491 1987 varietates
1529 1912 1567 1984 in

369 2043 510 2117 nostris
530 2042 677 2135 alpibus
697 2042 903 2133 indigenae.
925 2042 1220 2115 Rauuucalaceac.
1392 2030 1394 2034 ’

479 2171 628 2243 Tubera
647 2168 879 2261 napiformia,
900 2169 1076 2242 radiculis
1096 2170 1270 2243 tenuibus
1290 2168 1504 2255 numerosis
1529 2167 1566 2239 in

369 2298 472 2371 omni
491 2296 634 2371 ambitu
655 2298 825 2386 obsessa
846 2317 1006 2390 superne
1025 2298 1177 2371 residuo
1198 2297 1313 2369 caulis
1334 2302 1400 2369 aut
1419 2317 1569 2387 gemma

370 2425 575 2512 terminata,
601 2430 665 2497 aut
685 2423 861 2511 solitaria,
888 2430 954 2497 aut
977 2424 1065 2498 bina
1090 2425 1241 2517 imparis
1270 2424 1402 2497 aetatis
1432 2422 1566 2496 cohae-

368 2553 498 2640 rentia,
541 2552 704 2625 recentia
741 2553 974 2639 succulenta,
1009 2552 1148 2624 siccata
1185 2552 1295 2641 dura,
1342 2552 1566 2644 ponderosa,

369 2685 531 2772 quatuor
559 2679 607 2751 ad
638 2684 723 2752 octo
752 2677 968 2750 centimelra
990 2678 1114 2771 longa,
1140 2698 1299 2772 superne
1325 2677 1400 2751 duo
1421 2678 1469 2753 ad
1498 2678 1568 2751 tria

370 2808 587 2880 centimetra
608 2827 747 2894 crassa,
762 2811 870 2880 extus
887 2806 1046 2878 obscure
1065 2804 1181 2893 lusca,
1199 2826 1327 2898 opaca,
1346 2805 1565 2898 plerumque

269 2917 273 2923 ¹
368 2932 683 3025 longitudinaliter
710 2953 850 3022 rugosa
884 2938 921 3005 et
939 2931 1113 3005 radiculis
1133 2933 1323 3020 mundata,
1342 2932 1481 3024 ubique
1502 2932 1565 3003 rni-

368 3061 489 3133 nutim
508 3059 724 3146 cicatrisata,
743 3059 957 3131 infractura
972 3058 1119 3151 aequali
1134 3058 1263 3149 solida,
1285 3060 1482 3150 farinacea,
1502 3064 1567 3132 aut

370 3190 590 3275 subcornea,
611 3187 697 3259 alba
716 3191 781 3258 aut
800 3186 1038 3277 griseo-alba.

477 3315 521 3388 In
558 3314 721 3388 sectione
760 3320 977 3386 transversa
1015 3313 1235 3386 observatur
1282 3320 1410 3387 cortex
1456 3316 1565 3401 latuS,

369 3466 392 3516 a
409 3443 574 3516 medulla
593 3443 719 3535 ampla
733 3441 868 3513 circulo
888 3441 1151 3515 fasciculorum
1170 3440 1256 3532 ligni
1285 3442 1565 3532 angustissimo,

369 3570 545 3643 stellatim
555 3569 594 3642 in
602 3569 766 3661 quinque
787 3567 835 3640 ad
854 3574 999 3661 septem
1018 3568 1144 3641 radios
1163 3573 1345 3661 porrecto,
1357 3574 1564 3662 separatus

479 3696 582 3771 Odor
619 3697 781 3769 recentis
817 3695 953 3768 radicis
991 3701 1049 3767 est
1082 3696 1189 3786 acris,
1228 3694 1387 3788 raphani
1421 3696 1564 3785 similis

370 3826 529 3899 siccatae
568 3823 695 3897 nullus
702 3846 711 3911 ;
759 3823 956 3895 masticata
993 3822 1041 3895 ab
1078 3822 1182 3895 initio
1221 3824 1404 3914 exiguam,
1444 3824 1564 3896 serius

369 3953 587 4027 acerrimam
612 3951 676 4024 diu
703 3950 922 4023 haerentem
940 3950 1112 4042 producit
1141 3951 1406 4041 sensationem‚
1438 3928 1567 4025 relicta

369 4078 609 4153 anaesthesia
626 4079 787 4169 linguae.
931 4066 935 4072 ’

475 4206 681 4280 Fodiantur
694 4206 826 4278 tubera
839 4204 987 4296 plantae
1009 4210 1238 4297 spontaneae
1258 4206 1435 4297 florentis,
1457 4211 1565 4279 caute

369 4335 544 4408 siccanda
564 4340 601 4407 et
620 4332 816 4407 servanda.

476 4461 706 4553 Rejiciantur
759 4460 890 4533 tubera
942 4458 1099 4532 aliarum
1145 4460 1292 4533 Aconiti
1344 4461 1566 4553 specierum,

367 4590 534 4683 inprimis
554 4588 697 4661 Acmrtti
716 4586 889 4684 variepatt
915 4585 1076 4679 (Lina),
1095 4587 1279 4679 prioribus
1295 4588 1451 4661 minora.

476 4716 694 4790 llutractum.
720 4714 900 4786 Tinctum.
