3600 5534
693 526 935 598 -177-

319 742 552 835 Magnesium
567 742 785 817 sulfuricurn
799 745 884 816 loco
899 744 1026 837 tepido
1043 744 1122 819 sive
1137 746 1272 819 balneo
1288 767 1408 839 aquae

212 870 397 942 interdurn
413 871 589 962 agitando
607 871 829 964 expositum,
851 873 1004 945 demum
1020 874 1119 946 ultra
1143 873 1406 946 100⁰calefac-

211 1002 304 1087 turn,
334 997 454 1071 donec
484 999 636 1091 triginta
661 1020 728 1071 sex
754 999 895 1072 circiter
923 1003 1048 1092 partes
1073 1000 1297 1074 centesimas
1317 1023 1408 1094 pon-

212 1124 309 1197 deris
338 1126 511 1216 amiserit,
533 1126 571 1199 in
590 1127 783 1220 pulverem
803 1127 930 1199 album
946 1126 1122 1200 subtilem
1138 1126 1324 1217 dilabitur,
1345 1129 1409 1221 qui

209 1252 281 1324 sub
300 1254 452 1327 nomine

347 1414 563 1517 lagnesin
584 1413 797 1492 saliarium
817 1416 952 1493 siccut
973 1413 1196 1518 (dilapsu)

213 1550 365 1639 praesto
380 1547 438 1618 sit.

688 1906 929 2015 lllalturn.

318 2167 479 2242 Fructus
504 2166 641 2239 Hordei
664 2166 859 2259 incipiente
885 2150 1154 2257 germinatione
1181 2186 1252 2259 ope
1271 2166 1405 2239 caloris

211 2295 349 2383 siccati,
371 2295 505 2368 coloris
524 2293 941 2383 davide-fuscescentis‚
962 2293 1109 2387 saporis
1131 2292 1351 2367 dulciusculi
1372 2299 1409 2366 et

210 2422 399 2494 farinacei.

701 2743 918 2851 Munna.
949 2800 953 2810 ·

319 3004 501 3076 Fraxinus
526 3003 643 3075 Oruus
661 3002 795 3092 Lina„
821 3002 934 3074 uber
952 3002 991 3073 in
1012 3002 1162 3095 Europa
1182 3006 1406 3078 australiore

209 3132 397 3224 indigena,
418 3130 454 3204 in
475 3129 599 3205 Sicilia
617 3131 728 3203 culta.
754 3128 923 3201 ouaceae.

320 3278 464 3351 Succus
499 3276 742 3349 saccharinus
777 3297 798 3347 e
835 3275 977 3348 truncis
1021 3277 1224 3350 vulneratis
1264 3279 1409 3351 arboris

212 3408 333 3480 cultae
354 3406 523 3494 effluens,
544 3411 630 3476 aere
650 3403 847 3476 induratus
869 3406 906 3475 et
921 3403 1096 3492 siccatus
1118 3408 1184 3479 aut
1199 3404 1359 3478 occurrit
1371 3406 1408 3477 in

213 3533 343 3607 frustis
363 3532 589 3625 crystallinis
608 3528 867 3625 planiusculiS,
892 3528 1221 3605 subcanaliculatis
1242 3532 1300 3605 vel
1321 3532 1407 3605 sub·

212 3660 445 3754 prisnraticis
485 3660 655 3733 obsolete
693 3658 861 3750 trigonis
905 3657 1026 3746 siccis,
1060 3658 1279 3749 nubilibus,
1310 3660 1405 3733 deci-

213 3795 375 3861 metrum
394 3792 431 3860 et
450 3788 549 3861 ultra
565 3786 700 3878 longis
727 3784 802 3857 duo
822 3785 871 3858 ad
891 3789 1054 3878 quatuor
1073 3786 1289 3859 centimetra
1308 3787 1407 3872 latis,

214 3914 348 3989 coloris
382 3914 495 3987 albidi
525 3914 583 3987 vel
613 3913 937 4001 subflavescentiS,
968 3913 1117 4005 saporis
1155 3934 1249 4005 pure
1279 3913 1409 4002 dulcis

214 4039 338 4120 dnn
371 4037 584 4128 conuictu
621 4044 686 4113 aut
724 4041 820 4113 sistit
846 4062 1016 4113 massam
1046 4061 1283 4131 grumosam,
1314 4062 1410 4133 quae

215 4176 365 4247 constat
397 4192 417 4244 e
445 4166 615 4241 frustulis
647 4172 685 4241 et
715 4167 844 4258 granis
879 4168 1071 4259 qualitatis
1096 4167 1177 4259 jam
1203 4168 1410 4261 descriptae

215 4298 447 4393 conglobatis
471 4296 532 4370 vel
559 4294 772 4368 substantia
800 4294 903 4367 molli
934 4296 1115 4369 subfusca
1140 4296 1235 4369 inter
1260 4318 1302 4369 se
1324 4317 1408 4368 con·

215 4428 416 4521 glutinatis
454 4423 601 4516 saporis
635 4422 738 4495 haud
772 4422 897 4494 minus
937 4421 1055 4495 dulcis
1097 4423 1282 4515 simulque
1321 4444 1407 4495 curn

215 4555 382 4648 qrradam
400 4552 585 4642 acredine,
605 4548 729 4626 liam
748 4546 954 4624 connis.

322 4698 487 4791 Infusum
505 4705 536 4769 ct
556 4696 719 4794 Syrupus
741 4692 874 4769 Seuuae
892 4719 970 4767 euru
989 4692 1136 4767 Munna.

321 4837 515 4891 Pharmaeopoeu.
1159 4836 1192 4888 12
