3600 5534
695 598 913 671 ..69-

206 815 360 888 celltrlae
376 814 755 907 solerenchymatioae
770 820 993 908 aggregatae
1003 836 1171 908 vasaque
1186 817 1352 890 laetifera
1367 817 1404 889 in

204 943 495 1035 perenchymate
514 942 613 1015 soeto
633 943 771 1035 partim
790 943 914 1035 amylo
935 943 1154 1036 composito,
1171 943 1307 1037 partim
1326 965 1404 1036 cry·

206 1071 326 1144 stallis
347 1069 451 1145 calcii
471 1071 604 1144 oxalici
625 1071 792 1145 stellatis,
814 1071 967 1165 Saporis
988 1074 1045 1145 est
1060 1076 1185 1144 cortex
1200 1072 1403 1146 subamari.

533 1301 729 1411 Cortex
755 1301 1086 1445 llrangulac.

315 1487 504 1562 Rhombus
522 1489 706 1586 Fraaqula
725 1491 869 1586 Llnn.,
888 1491 1010 1566 frutex
1030 1493 1241 1585 indigenas
1273 1490 1402 1564 Rham-

204 1641 338 1691 acrem

315 1746 451 1820 Cortex
470 1767 660 1820 ramorum
684 1747 845 1822 siccatus
864 1749 903 1822 in
922 1748 1023 1823 tubis
1044 1749 1093 1821 ad
1111 1748 1183 1821 tria
1203 1748 1404 1822 decimetra

207 1873 341 1966 longiS,
368 1874 510 1947 circiter
528 1896 648 1948 unum
671 1875 924 1950 millinretrum
950 1877 1100 1966 crassis,
1125 1875 1281 1965 levibus,
1306 1878 1402 1970 peri-

207 2002 373 2075 dermate
384 2001 490 2075 facile
500 2002 709 2096 separabili,
725 2003 958 2077 extrinsecus
969 2005 1104 2077 coloris
1120 2025 1140 2076 e
1156 2003 1403 2096 griseo-fusci,

206 2129 405 2218 subnitid0‚
425 2129 611 2202 subtiliter
628 2150 695 2222 per
713 2130 984 2222 longitudinem
998 2152 1137 2224 rugoso
1158 2137 1194 2203 et
1208 2130 1403 2205 lenticellis

206 2257 350 2348 albidis,
388 2257 609 2350 plerumque
646 2262 861 2332 transverse
898 2259 1079 2353 porrectis
1125 2259 1326 2347 instructis,
1364 2258 1403 2330 in

207 2383 403 2477 superficie
427 2384 575 2456 interna
602 2383 780 2474 laevibus
819 2406 839 2458 e
867 2385 981 2458 rubro
1010 2385 1135 2473 fuscis,
1175 2385 1212 2457 in
1240 2384 1404 2457 fractura

207 2511 411 2599 tenacibus
431 2511 590 2600 fibrosis,
611 2511 728 2600 ilaris
748 2512 788 2586 in
803 2513 968 2586 sectione
982 2517 1199 2586 transversa
1213 2513 1284 2586 sub
1303 2513 1404 2586 lente

206 2637 300 2710 libro
319 2639 429 2727 flavo,
448 2639 636 2712 fasciculis
655 2639 835 2713 librarum
854 2641 1058 2732 subgriseis
1072 2640 1245 2714 radiatim
1259 2639 1401 2713 striato.

207 2766 359 2859 Saporis
376 2770 435 2839 est
449 2772 576 2840 cortex
592 2768 794 2857 subamari
814 2769 972 2842 salivam
986 2770 1084 2842 flavo
1105 2769 1227 2841 colore
1243 2769 1402 2860 tingens,

207 2893 249 2966 ln
278 2915 379 2987 aqua
416 2895 528 2968 calcis
558 2901 769 2970 maceratus
804 2899 906 2970 intus
935 2897 1100 2971 colorem
1126 2897 1221 2968 belle
1248 2896 1404 2968 rubrum

207 3021 330 3096 trahit.

445 3252 641 3364 Cortex
667 3255 893 3364 llruotus
921 3255 1182 3373 iurantii.

510 3465 684 3546 Flavodo
708 3467 871 3546 corticis
893 3467 1092 3548 Aurantii.

319 3621 440 3696 Citrus
459 3623 617 3723 culparis
635 3626 788 3715 Riss0‚
808 3626 906 3700 vide:
928 3625 1031 3698 Folio
1051 3625 1237 3699 Aurantii.

314 3753 566 3844 Pericarpium
581 3754 791 3827 elructibus
803 3755 960 3828 maturis
975 3755 1014 3826 in
1029 3753 1233 3845 segmentis
1242 3753 1401 3846 plerum-

207 3905 277 3976 que
299 3880 465 3972 ellipticis
486 3881 693 3955 detractum
709 3888 745 3954 et
757 3883 948 3970 siccatum,
968 3887 1146 3954 constans
1166 3903 1185 3952 e
1206 3884 1322 3953 strato
1338 3902 1401 3954 ex-

205 4009 340 4083 teriore
360 4009 761 4102 tuberculalo-rugoso,
791 4031 810 4081 e
839 4010 952 4082 rubro
972 4009 1207 4097 luscescenti
1235 4013 1402 4082 scatente

206 4138 350 4211 lacunis
369 4138 453 4210 oleo
474 4138 649 4211 aethereo
666 4137 827 4231 repletis
852 4137 960 4210 valde
981 4136 1183 4211 aromatico
1206 4142 1241 4209 et
1262 4158 1401 4226 amar0,

208 4272 243 4339 et
270 4288 290 4337 e
320 4270 437 4354 strato
465 4265 640 4339 interiore
668 4267 764 4354 albo,
796 4265 1013 4360 spongioso‚
1052 4265 1266 4352 subamara,
1301 4265 1402 4357 quod

207 4392 478 4467 removendum
497 4399 564 4466 est.

314 4519 485 4618 Syrupus
511 4520 690 4594 Tinctum.
712 4521 820 4616 Aqua
839 4520 1084 4593 carminatioa.
1113 4516 1247 4615 Specus
1266 4521 1400 4593 amori·

208 4657 327 4722 curiles.
381 4649 550 4722 libatura
589 4649 767 4721 absinthii
809 4649 1004 4744 composita.
1057 4647 1226 4721 Tinctum
1262 4672 1400 4721 cinara.

212 4777 379 4850 Tinctum
403 4775 534 4849 Chiaca
553 4778 749 4872 conrposita.
773 4776 942 4849 Tinctum
964 4776 1053 4848 Illa
1072 4776 1201 4849 vinosa.
