3600 5534
825 502 1060 575 -166-

450 717 592 790 Salutio
603 718 772 791 Lanolini
784 741 854 813 ope
866 720 1117 794 chlorolonnii
1129 722 1272 811 effecta,
1292 722 1331 794 in
1346 724 1437 795 tubo
1447 744 1532 816 pro-

339 846 486 917 batorio
524 844 630 917 acido
665 846 843 919 sulfurico
882 853 1125 923 concentrato
1159 850 1372 941 superfusa
1400 872 1533 921 zonam

338 974 598 1046 intermediam
614 975 710 1046 laete
731 976 1007 1049 lusco-rubram
1023 978 1189 1067 praebet,
1211 983 1370 1051 stratum
1387 978 1533 1049 acidum

337 1101 490 1173 iuferius
511 1102 633 1173 colore
653 1102 759 1173 viridi
779 1104 979 1176 ssuorescit.

444 1246 666 1319 Lanolinurn
695 1266 791 1319 curn·
814 1248 937 1320 natrio
964 1248 1253 1339 hydrooxydato
1283 1249 1406 1321 soluto
1437 1249 1530 1322 cale·

334 1374 471 1446 facturn
492 1396 538 1446 ne
559 1376 646 1446 edat
664 1396 826 1466 vapores
846 1375 1045 1447 reacliouis
1067 1377 1259 1449 alcalinae.

445 1520 664 1593 Grammata
685 1521 812 1593 decern
832 1520 1013 1607 Lanolini,
1048 1521 1183 1594 balneo
1218 1543 1338 1614 aquae
1372 1524 1533 1614 perfecte

335 1647 486 1736 siccata,
508 1670 554 1720 ne
575 1648 661 1739 plus
688 1669 802 1739 quarn
823 1655 1031 1737 grannnata
1061 1648 1131 1720 tria
1160 1648 1336 1740 ponderis
1362 1650 1531 1741 perdant.

443 1794 662 1866 Grammata
699 1794 773 1865 duo
812 1794 982 1865 Lanolini
1012 1794 1050 1865 in
1087 1795 1247 1867 benzolo
1270 1816 1364 1887 puro
1395 1796 1529 1871 soluta.

334 1922 470 1993 additis
486 1923 601 2013 guttis
623 1922 788 2013 quinque
809 1922 1008 1993 solutionis
1029 1922 1358 2027 phenolplrtaleini,
1378 1944 1426 1994 ne
1445 1924 1530 2015 plus

333 2071 446 2142 quarn
485 2050 549 2119 (ill
589 2050 805 2121 centinrctra
847 2050 977 2121 cubica
1015 2050 1211 2121 solutionis
1258 2052 1530 2123 acidirnctricae

333 2184 547 2269 exposcant,
569 2182 610 2248 ut
627 2177 752 2270 liquor
771 2183 985 2249 constanter
1002 2177 1200 2251 rubicetur.

442 2323 613 2396 Lanolini
634 2329 842 2414 grammata
871 2323 1000 2395 decern
1031 2345 1115 2395 curn
1145 2324 1324 2415 grammis
1345 2325 1528 2417 quiuqua-

336 2449 438 2539 ginta
458 2471 579 2542 aquae
601 2451 808 2522 destillatae
823 2450 862 2521 in
877 2450 1010 2521 balneo
1032 2472 1150 2542 aquae
1167 2452 1353 2540 calefacta,
1373 2457 1530 2524 stratum

332 2577 502 2649 oleosum
517 2577 712 2669 limpidum
726 2577 899 2648 Lanolini
916 2600 1015 2668 aqua
1028 2578 1124 2669 privi
1140 2578 1351 2669 sejungunt,
1371 2584 1527 2651 stratum

330 2726 519 2798 aquosum
533 2704 732 2776 tiltratione
748 2710 962 2795 separatum
980 2711 1014 2776 et
1030 2710 1106 2777 tun]
1126 2710 1368 2798 evaporatunr
1385 2727 1431 2777 ne
1442 2706 1527 2799 plus

330 2854 445 2924 quarn
465 2833 734 2923 centigramnra
753 2853 871 2902 unuin
890 2832 1028 2902 residui
1050 2833 1236 2924 praebeat.

438 2959 663 3031 Lanolinurn
681 2959 837 3049 ignitum
867 2980 914 3031 ne
943 2958 1162 3051 plusquam
1191 2964 1336 3052 partem
1366 2960 1424 3032 ut
1458 2983 1526 3053 pro

327 3111 477 3178 centurn
496 3105 635 3178 residui
655 3104 852 3197 relinquat.

443 3248 660 3347 Uapuentum
682 3248 918 3345 Hydrurpyri.

656 3791 856 3901 lichen
882 3791 1197 3901 lslandicur.

440 4016 599 4089 Cetrurto
628 4016 809 4088 lelandico
837 4016 1097 4111 AchariuS,
1128 4018 1167 4091 in
1195 4017 1346 4111 Europa
1372 4017 1522 4107 boreali,

326 4146 364 4217 in
389 4146 579 4217 montibus
600 4144 818 4217 celsioribus
838 4144 1009 4238 Europae
1032 4146 1176 4217 mediae
1198 4151 1235 4217 et
1250 4144 1426 4219 australis
1442 4166 1521 4235 gre-

324 4274 437 4365 gatirn
460 4274 506 4344 ad
527 4279 666 4345 terram
685 4293 859 4344 nascens.
880 4270 1055 4343 Liclazcs.
1078 4270 1313 4344 llomuliaeoe.

432 4419 589 4491 Thallus
600 4423 745 4490 erectus
757 4418 1014 4510 subloliaceus‚
1027 4418 1279 4509 irregulariter
1290 4418 1520 4491 diclrotorno-

322 4570 504 4636 ramosus
525 4546 669 4617 laciniis
688 4566 789 4618 nunc
808 4545 1010 4636 latioribus
1030 4566 1130 4618 nunc
1152 4547 1440 4637 angustioribus,
1461 4570 1520 4619 ca-

321 4674 533 4747 naliculatis
563 4674 621 4744 vel
640 4671 847 4765 subplauiS,
876 4672 1064 4743 interdum
1095 4672 1276 4765 crispatis,
1305 4674 1522 4766 inutraque
