3600 5534
722 566 965 679 -o737

356 784 522 858 Concisis
544 790 579 858 et
599 782 765 858 contusis
786 784 938 859 affunde

381 905 538 1011 Spiritus
559 908 634 986 lini
657 908 764 987 diluti
820 917 1025 1009 prommoto
1044 910 1242 1006 quinpenta.
1366 909 1445 980 500

353 1038 480 1129 Digere
504 1038 665 1131 'saepius
700 1040 991 1132 conquassando
1031 1059 1097 1130 per
1130 1036 1213 1109 dies
1247 1057 1324 1124 sex,
1363 1041 1444 1108 tum

245 1168 336 1255 cola,
359 1166 520 1258 exprime
541 1170 578 1238 et
595 1165 705 1239 filtra.

284 1420 688 1529 minoem
716 1381 1039 1530 Aoomtlt
1063 1412 1405 1526 rodoara.

244 1640 345 1731 Rpe:
385 1635 530 1715 narras
551 1636 689 1714 leonto
710 1636 925 1737 pulver-atae

998 1770 1202 1861 prummota
1221 1762 1332 1835 decem
1394 1764 1442 1834 10

379 1890 536 1993 Spiritus
551 1890 628 1968 Vini
643 1889 752 1968 diluti
770 1898 974 1989 prommotu
993 1898 1127 1963 centum
1146 1898 1178 1962 et
1198 1891 1334 1987 oipintt.
1368 1892 1444 1963 luo

352 2022 535 2093 Humeota
553 2004 744 2113 pulverem
764 2043 849 2093 eum
868 2021 1033 2112 pauxillo
1053 2020 1205 2111 spiritus
1224 2020 1299 2091 vini
1329 2018 1442 2107 diluti,

244 2149 333 2241 quin
364 2148 608 2239 conglobetur
640 2153 676 2221 et
709 2168 850 2241 sepone
883 2169 950 2239 per
978 2147 1121 2218 horam.
1156 2147 1252 2220 Tum
1277 2168 1444 2219 massam

242 2278 367 2367 ingere
392 2276 430 2347 in
459 2280 679 2367 apparatum
705 2276 971 2369 depulsorium
999 2275 1172 2349 addendo
1198 2275 1350 2367 spiritus
1370 2273 1444 2346 vini

244 2403 348 2477 diluti
375 2402 621 2475 sufficientem
646 2404 900 2495 quantitatem,
929 2408 971 2475 ut
994 2425 1123 2476 massa
1143 2404 1274 2495 spiritu
1295 2404 1444 2475 obtecta

246 2532 293 2604 sit
312 2536 348 2603 et
368 2552 516 2603 macera
534 2552 601 2622 per
621 2531 866 2622 quadraginta
895 2535 980 2601 octo
1001 2531 1127 2603 horas.
1162 2530 1243 2603 Hoc
1274 2536 1444 2621 tempore

243 2658 371 2749 elapso
392 2657 449 2729 lac
469 2658 651 2749 liquorem
671 2659 808 2731 stillare
829 2663 865 2730 et
884 2659 1067 2749 separatis
1094 2659 1235 2730 vicibus
1262 2658 1444 2749 reliquam

242 2785 391 2878 spiritus
412 2784 486 2856 vini
506 2786 610 2858 diluti
627 2786 871 2877 quantitatem
893 2786 1168 2877 supereffunde.

352 2912 508 2985 Pondus

377 3038 570 3116 'lluotum
590 3034 759 3116 obtentae
775 3037 823 3114 sit
876 3045 1116 3134 qrummutum
1135 3046 1277 3111 corloon.
1367 3040 1443 3111 100

594 3290 854 3398 'linotum
880 3321 1087 3398 amora.

604 3520 793 3596 'linotura
817 3518 1079 3596 stomachioa

126 3760 132 3775 ·
241 3717 343 3809 Rpe:
383 3713 563 3792 tollor·-
582 3710 722 3789 Tritolii
742 3708 863 3787 lllrlnl

381 3840 520 3918 llerlrae
540 3838 724 3916 (tentanti
746 3838 895 3951 ultoris

377 3965 524 4045 {talleis
545 3964 739 4044 Gentianae

378 4094 530 4173 conteis
551 4093 703 4169 Fructus
724 4092 887 4171 lurnntll
936 4091 981 4163 (ἴα
999 4100 1202 4190 praemiata
1223 4091 1330 4163 ἅθεεηι
1393 4094 1440 4163 10

378 4220 491 4300 latro
513 4218 700 4299 pannonici
717 4220 938 4320 orytallisati
956 4228 1159 4318 praeamata
1179 4222 1332 4315 quinque
1417 4222 1439 4290 5

379 4350 500 4454 Aquae
520 4347 735 4425 linnanoni
757 4348 978 4448 spirituum

906 4483 1108 4573 praozmata
1129 4477 1328 4572 qaiapenta.
1362 4475 1440 4547 500

351 4607 509 4679 Conoisa
523 4556 561 4679 et
576 4613 736 4679 contusa
751 4606 871 4695 digere
887 4626 955 4694 per
969 4606 1144 4691 triduum,
1166 4604 1257 4690 cola,
1275 4602 1438 4694 exprime

242 4741 279 4808 et
296 4736 405 4819 filtra.

300 4873 497 4927 Phermeeopoea.
1224 4870 1258 4924 18
