3600 5534
867 539 1082 611 „26-

730 750 974 895 Amylum
1000 749 1207 866 Tritiai.

489 975 656 1048 Triticum
676 975 818 1072 vulyare
844 975 976 1048 Linn.
1011 975 1227 1049 Graminme.

484 1101 671 1193 Amylum,
692 1124 711 1174 e
731 1102 915 1174 fructibus
935 1102 973 1174 in
989 1103 1149 1176 officinis
1166 1103 1329 1196 propriis
1344 1107 1573 1194 separatum.

375 1229 550 1302 venditur
570 1229 609 1302 in
627 1229 754 1302 frustis
775 1230 1051 1321 irregularibus,
1071 1229 1244 1302 facillime
1265 1230 1516 1301 dilabentibus
1536 1228 1575 1300 iu

375 1358 570 1451 pulverem
586 1357 883 1444 subtilissimum,
905 1357 1033 1430 album
1051 1358 1111 1430 vel
1130 1379 1150 1430 e
1171 1357 1416 1430 subeoaruleo
1436 1358 1574 1442 album,

377 1505 549 1577 opacum,
574 1485 700 1557 odoris
730 1489 766 1558 et
785 1485 933 1576 saporis
953 1490 1156 1577 expertem,
1185 1483 1225 1556 in
1249 1506 1350 1575 aqua
1375 1484 1510 1576 frigida
1539 1488 1575 1554 et

376 1611 416 1684 in
435 1611 567 1704 spiritu
586 1612 663 1684 vini
683 1612 935 1685 insolubilem.

482 1738 725 1832 Microseopio
751 1738 996 1832 exploratum,
1017 1739 1115 1810 sistit
1131 1739 1299 1831 granula,
1323 1759 1484 1830 quorum
1501 1735 1574 1809 alia

375 1871 465 1938 sunt
494 1865 659 1956 minima,
689 1867 911 1959 plerumque
940 1867 1098 1957 globosa
1128 1872 1193 1938 aut
1221 1866 1471 1956 subglobosa‚
1503 1863 1576 1936 alia

375 1993 560 2086 permulto
599 1992 755 2083 majora,
776 1994 960 2067 diametro
980 1994 1408 2083 0·03-0·03l3millim.,
1428 1992 1574 2064 orbicu-

376 2118 470 2192 laria
501 2118 560 2206 val
593 2121 813 2209 subrenala,
856 2120 1006 2211 singula
1044 2143 1175 2193 eorum
1217 2121 1350 2195 nucleo
1384 2125 1451 2191 aul
1481 2119 1576 2190 rima

375 2246 523 2318 stellata
549 2247 703 2321 neutrali
733 2253 769 2321 et
806 2248 934 2320 stratis
967 2249 1211 2321 concentricis
1237 2253 1389 2334 ornata;
1418 2245 1576 2338 granula

374 2373 642 2465 magnitudinis
662 2375 807 2447 mediae
827 2375 950 2447 rarius
971 2375 1221 2449 inveniuntur.

482 2499 608 2576 Pulvis
628 2525 834 2598 ymumosus.
863 2500 1076 2598 [inquantum
1101 2502 1287 2598 Glyceriui.

610 2859 915 2970 Antidotum
943 2859 1180 2968 Arsaniai
1207 2860 1337 2977 albi.

560 3085 812 3192 Magnasium
833 3088 1190 3192 hydrooxydatum
1208 3092 1247 3167 in
1271 3115 1386 3191 aqua.

374 3281 470 3373 Rpe:
505 3277 673 3382 Magnesli
694 3280 844 3383 oxydali
1021 3293 1217 3382 qratia-mata
1237 3289 1453 3382 smittruqmtu

1082 3416 1232 3510 quinque
1523 3416 1572 3488 75

511 3535 630 3636 Aquae
651 3535 858 3613 (lasllllulae
879 3538 1024 3636 lepidio
1053 3549 1248 3637 quarternum
1269 3543 1463 3635 quinyeula.
1496 3543 1573 3613 500

482 3655 784 3756 Conquassando
815 3666 853 3737 in
882 3667 1016 3758 lagena
1044 3669 1185 3760 optima
1206 3668 1415 3741 claudenda
1442 3668 1573 3740 misce-

374 3794 487 3862 antur
507 3814 549 3862 ex
574 3797 751 3884 tempora.

648 4154 1291 4294 Arrltfebrtmtm.

818 4383 1129 4465 Acetanilidum.

480 4574 667 4648 Lamallaa
715 4578 974 4666 crystallinae,
1022 4581 1234 4667 decolorem
1274 4582 1432 4654 nitorem
1470 4582 1569 4673 adipi

372 4702 530 4773 similem
561 4702 789 4790 exhibentes
825 4704 951 4776 odoris
985 4714 1175 4800 expertas.
1215 4709 1361 4800 saporis
1399 4707 1571 4780 modicae
