3600 5534
680 507 922 581 -dll-

204 727 471 801 medullaribus
503 727 601 817 lade,
635 725 769 799 albidis
804 726 1024 817 composita,
1050 724 1187 797 circulo
1222 725 1399 799 ductuum

203 856 529 929 balsamiferorum
548 859 732 944 ornatum,
763 859 799 926 et
817 854 1021 927 medullam
1041 854 1203 948 amplam
1224 853 1399 927 albidam.

311 1001 434 1075 Radix
448 1001 605 1074 Arnicae
620 1020 706 1073 vere
726 999 787 1073 vel
806 1005 986 1072 autumno
1008 1000 1202 1091 colligatur
1221 1022 1290 1072 nec
1311 1020 1398 1072 con·
1435 996 1438 1003 '

204 1128 381 1201 fundatur
427 1149 513 1200 curn
564 1126 769 1199 rhizomate
799 1124 966 1198 Hierocr'i
1007 1148 1187 1197 cicaro-rum
1231 1126 1398 1217 (Linn.).

205 1254 402 1351 Froparc'oc
429 1278 541 1327 vescae
569 1253 720 1344 (Linn.)
751 1257 787 1324 et
806 1250 990 1323 Bctooc'cce
1019 1252 1205 1347 officinalis
1234 1252 1390 1344 (Lirin.)

205 1383 375 1456 ductibus
423 1380 670 1455 balsamiieris
720 1380 897 1453 destituto
942 1401 1011 1452 nec
1059 1401 1144 1453 cum
1197 1378 1400 1452 rhizomate

205 1511 399 1601 crassiore,
427 1510 593 1601 undique
612 1508 780 1582 radicato
800 1507 997 1603 Eupatorit
1015 1506 1205 1579 catenatim
1225 1507 1400 1600 (Linn.).

316 1656 496 1728 Tinctum.

550 2085 727 2195 Radix
752 2083 1061 2194 Bardanae.

313 2309 446 2407 Lappa
458 2310 614 2409 culparis
627 2310 659 2385 N
666 2307 865 2400 eilreich,
884 2311 1014 2406 planta
1026 2275 1185 2403 biennis
1205 2314 1402 2406 perlatam

209 2440 283 2513 fere
303 2440 494 2532 Europam
513 2460 698 2514 crescens.
725 2440 951 2535 Conpositae.

298 2565 437 2657 'Radix
458 2584 615 2678 simplex
643 2590 709 2657 aut
737 2585 970 2676 subramosa,
1000 2584 1205 2659 fusiformis
1225 2585 1284 2659 vel
1313 2586 1400 2657 sub-

208 2715 420 2805 cylindrica,
441 2736 610 2807 carnosa,
637 2714 776 2787 siccata
808 2736 922 2808 saepe
955 2715 1135 2807 subtorta,
1162 2714 1326 2807 quinque
1355 2712 1403 2786 ad

209 2843 340 2917 decem
359 2844 568 2917 millimetra
592 2866 732 2932 crassa
760 2843 1049 2921 inextremitate
1071 2844 1263 2937 superiore
1290 2865 1402 2936 saepe

206 2973 401 3047 residuum
433 2973 548 3046 caulis
581 2971 981 3047 albido-tomentosum
1006 2974 1142 3062 serene,
1169 2973 1401 3046 extrinsecus

208 3100 524 3192 longitudinaliter
537 3122 686 3192 rugosa,
703 3122 723 3173 e
739 3102 972 3193 nigrescente
987 3101 1104 3189 fusca,
1121 3101 1225 3189 dura,
1241 3102 1403 3173 tractura

212 3228 432 3314 subcomea‚
461 3227 498 3299 in
526 3228 693 3301 sectione
726 3232 946 3300 transversa
979 3227 1114 3299 cortice
1141 3226 1401 3317 crassiusculo,

216 3354 312 3441 albo,
330 3358 472 3427 remote
498 3353 657 3427 obscure
686 3353 828 3425 radiato
859 3359 895 3426 et
922 3353 1023 3444 ligno
1055 3353 1192 3443 alhido,
1213 3352 1402 3426 fasciculis

207 3481 294 3573 ligni
313 3480 460 3553 flavidis
487 3485 551 3553 aut
569 3482 880 3569 luscescentibuS,
901 3482 1072 3553 minutim
1087 3483 1247 3575 porosiS,
1270 3504 1401 3574 grosse
1450 3544 1452 3549 .

204 3609 379 3681 radiatim
404 3608 545 3698 striato,
576 3609 720 3701 saporis
759 3610 961 3699 subdulcis,
991 3610 1103 3701 paulo
1129 3610 1400 3701 mucilaginosi.

313 3756 571 3847 Parenchynra
585 3755 733 3847 radicis,
750 3756 873 3848 amylo
894 3762 930 3829 et
945 3757 1129 3848 crystallis
1146 3758 1250 3831 calcii
1266 3757 1399 3829 oxalici

209 3886 366 3958 omnino
387 3884 558 3976 essentie,
577 3884 719 3957 inulino
739 3886 922 3978 repletum
943 3891 1010 3959 est.

314 4032 516 4123 Colligatur
535 4036 715 4143 autumno
735 4032 844 4124 primi
863 4033 921 4105 vel
950 4053 1037 4105 vere
1067 4032 1221 4105 secundi
1250 4034 1337 4105 anni
1365 4038 1400 4105 et

206 4160 299 4231 bene
328 4157 469 4230 siccata
497 4157 579 4228 loco
609 4158 708 4229 sicco
738 4163 917 4230 servetur.
957 4157 1176 4247 Rejicienda
1204 4161 1261 4230 est
1293 4158 1400 4229 radix

208 4287 365 4362 adultior
397 4286 555 4377 lignosa,
581 4292 644 4360 aut
670 4310 690 4361 e
718 4288 846 4379 planta
874 4288 974 4359 culta
1003 4286 1175 4359 desumta
1203 4286 1332 4377 major,
1362 4286 1399 4357 in

208 4415 410 4509 segmentis
445 4415 665 4507 plerumque
703 4436 769 4508 per
805 4416 1076 4506 longitudinem
1115 4414 1226 4503 fissis
1266 4413 1399 4486 coloris

211 4543 659 4634 diluti01is,iusoo·g1isei
679 4549 743 4615 aut
763 4542 909 4616 cinerei.

311 4689 446 4785 Spectas
465 4689 669 4785 [opportere.
