<?xml version="1.0" encoding="UTF-8"?>
<!DOCTYPE html PUBLIC "-//W3C//DTD XHTML 1.0 Transitional//EN"
    "http://www.w3.org/TR/xhtml1/DTD/xhtml1-transitional.dtd">
<html xmlns="http://www.w3.org/1999/xhtml" xml:lang="en" lang="en">
 <head>
  <title>
</title>
<meta http-equiv="Content-Type" content="text/html;charset=utf-8" />
  <meta name='ocr-system' content='tesseract 3.04.00' />
  <meta name='ocr-capabilities' content='ocr_page ocr_carea ocr_par ocr_line ocrx_word'/>
</head>
<body>
  <div class='ocr_page' id='page_1' title='image "./pharmacopoeaaus01unkngoog_0309.png"; bbox 0 0 3600 5534; ppageno 0'>
   <div class='ocr_carea' id='block_1_1' title="bbox 728 546 965 622">
    <p class='ocr_par' dir='ltr' id='par_1_1' title="bbox 728 546 965 622">
     <span class='ocr_line' id='line_1_1' title="bbox 728 546 965 622; baseline 0.008 -2"><span class='ocrx_word' id='word_1_1' title='bbox 728 546 965 622; x_wconf 64' lang='lat'>-245—</span> 
     </span>
    </p>
   </div>
   <div class='ocr_carea' id='block_1_2' title="bbox 241 764 1445 2753">
    <p class='ocr_par' dir='ltr' id='par_1_2' title="bbox 241 764 1441 1623">
     <span class='ocr_line' id='line_1_2' title="bbox 350 764 1440 859; baseline 0.001 -21"><span class='ocrx_word' id='word_1_2' title='bbox 350 764 501 838; x_wconf 85' lang='lat' dir='ltr'>Semina</span> <span class='ocrx_word' id='word_1_3' title='bbox 520 770 669 838; x_wconf 87' lang='lat' dir='ltr'>matura</span> <span class='ocrx_word' id='word_1_4' title='bbox 689 766 799 859; x_wconf 88' lang='lat' dir='ltr'>sicca,</span> <span class='ocrx_word' id='word_1_5' title='bbox 811 766 1051 859; x_wconf 80' lang='lat' dir='ltr'>subglohosa,</span> <span class='ocrx_word' id='word_1_6' title='bbox 1068 767 1249 840; x_wconf 87' lang='lat' dir='ltr'>diametro</span> <span class='ocrx_word' id='word_1_7' title='bbox 1259 768 1372 840; x_wconf 89' lang='lat' dir='ltr'>unius</span> <span class='ocrx_word' id='word_1_8' title='bbox 1393 768 1440 839; x_wconf 92' lang='lat' dir='ltr'>ad</span> 
     </span>
     <span class='ocr_line' id='line_1_3' title="bbox 242 891 1441 984; baseline 0.002 -19"><span class='ocrx_word' id='word_1_9' title='bbox 242 891 575 984; x_wconf 86' lang='lat' dir='ltr'>sesquimillimetri,</span> <span class='ocrx_word' id='word_1_10' title='bbox 600 898 697 966; x_wconf 87' lang='lat' dir='ltr'>testa</span> <span class='ocrx_word' id='word_1_11' title='bbox 721 894 827 966; x_wconf 84' lang='lat' dir='ltr'>extus</span> <span class='ocrx_word' id='word_1_12' title='bbox 847 894 1099 980; x_wconf 87' lang='lat' dir='ltr'>lusco-rubra,</span> <span class='ocrx_word' id='word_1_13' title='bbox 1120 895 1190 966; x_wconf 87' lang='lat' dir='ltr'>sub</span> <span class='ocrx_word' id='word_1_14' title='bbox 1209 895 1308 967; x_wconf 90' lang='lat' dir='ltr'>lente</span> <span class='ocrx_word' id='word_1_15' title='bbox 1329 895 1441 968; x_wconf 84' lang='lat' dir='ltr'>subti-</span> 
     </span>
     <span class='ocr_line' id='line_1_4' title="bbox 241 1019 1441 1116; baseline 0 -24"><span class='ocrx_word' id='word_1_16' title='bbox 241 1020 382 1093; x_wconf 88' lang='lat' dir='ltr'>lissime</span> <span class='ocrx_word' id='word_1_17' title='bbox 395 1019 806 1111; x_wconf 70' lang='lat' dir='ltr'>reticulato-loreolam,</span> <span class='ocrx_word' id='word_1_18' title='bbox 826 1022 1029 1113; x_wconf 64' lang='lat' dir='ltr'>em‘liryone</span> <span class='ocrx_word' id='word_1_19' title='bbox 1041 1021 1337 1116; x_wconf 83' lang='lat' dir='ltr'>exalbuurinoso,</span> <span class='ocrx_word' id='word_1_20' title='bbox 1354 1023 1441 1094; x_wconf 84' lang='lat' dir='ltr'>sub-</span> 
     </span>
     <span class='ocr_line' id='line_1_5' title="bbox 241 1146 1440 1241; baseline 0.001 -21"><span class='ocrx_word' id='word_1_21' title='bbox 241 1147 473 1238; x_wconf 69' lang='lat' dir='ltr'>viridi-ssavo</span> <span class='ocrx_word' id='word_1_22' title='bbox 485 1146 625 1239; x_wconf 84' lang='lat' dir='ltr'>oleosn,</span> <span class='ocrx_word' id='word_1_23' title='bbox 637 1147 911 1240; x_wconf 89' lang='lat' dir='ltr'>conduplicato,</span> <span class='ocrx_word' id='word_1_24' title='bbox 923 1148 1204 1241; x_wconf 85' lang='lat' dir='ltr'>cotyledonibus</span> <span class='ocrx_word' id='word_1_25' title='bbox 1216 1148 1314 1222; x_wconf 87' lang='lat' dir='ltr'>binis</span> <span class='ocrx_word' id='word_1_26' title='bbox 1326 1149 1440 1240; x_wconf 91' lang='lat' dir='ltr'>appli-</span> 
     </span>
     <span class='ocr_line' id='line_1_6' title="bbox 242 1274 1440 1368; baseline 0.001 -21"><span class='ocrx_word' id='word_1_27' title='bbox 242 1275 381 1365; x_wconf 77' lang='lat' dir='ltr'>catinia,</span> <span class='ocrx_word' id='word_1_28' title='bbox 415 1274 583 1347; x_wconf 86' lang='lat' dir='ltr'>radicula</span> <span class='ocrx_word' id='word_1_29' title='bbox 611 1276 811 1367; x_wconf 89' lang='lat' dir='ltr'>cylindrica</span> <span class='ocrx_word' id='word_1_30' title='bbox 839 1278 1100 1368; x_wconf 76' lang='lat' dir='ltr'>adscendente,</span> <span class='ocrx_word' id='word_1_31' title='bbox 1137 1277 1306 1365; x_wconf 89' lang='lat' dir='ltr'>inodora,</span> <span class='ocrx_word' id='word_1_32' title='bbox 1335 1298 1440 1348; x_wconf 88' lang='lat' dir='ltr'>ruan-</span> 
     </span>
     <span class='ocr_line' id='line_1_7' title="bbox 242 1402 1440 1497; baseline -0.001 -22"><span class='ocrx_word' id='word_1_33' title='bbox 242 1403 379 1475; x_wconf 87' lang='lat' dir='ltr'>ducata</span> <span class='ocrx_word' id='word_1_34' title='bbox 398 1402 546 1496; x_wconf 87' lang='lat' dir='ltr'>saporis</span> <span class='ocrx_word' id='word_1_35' title='bbox 565 1402 612 1475; x_wconf 90' lang='lat' dir='ltr'>ab</span> <span class='ocrx_word' id='word_1_36' title='bbox 632 1403 734 1476; x_wconf 91' lang='lat' dir='ltr'>initio</span> <span class='ocrx_word' id='word_1_37' title='bbox 746 1406 944 1497; x_wconf 88' lang='lat' dir='ltr'>subamari,</span> <span class='ocrx_word' id='word_1_38' title='bbox 966 1405 1139 1479; x_wconf 89' lang='lat' dir='ltr'>subacidi</span> <span class='ocrx_word' id='word_1_39' title='bbox 1158 1404 1333 1492; x_wconf 86' lang='lat' dir='ltr'>etolcosi,</span> <span class='ocrx_word' id='word_1_40' title='bbox 1355 1403 1440 1476; x_wconf 92' lang='lat' dir='ltr'>dein</span> 
     </span>
     <span class='ocr_line' id='line_1_8' title="bbox 242 1530 591 1623; baseline 0.003 -21"><span class='ocrx_word' id='word_1_41' title='bbox 242 1530 417 1623; x_wconf 75' lang='lat' dir='ltr'>peraccis,</span> <span class='ocrx_word' id='word_1_42' title='bbox 435 1530 591 1603; x_wconf 83' lang='lat' dir='ltr'>urentis.</span> 
     </span>
    </p>

    <p class='ocr_par' dir='ltr' id='par_1_3' title="bbox 242 1655 1444 2113">
     <span class='ocr_line' id='line_1_9' title="bbox 350 1655 1444 1749; baseline 0.003 -20"><span class='ocrx_word' id='word_1_43' title='bbox 350 1657 479 1731; x_wconf 90' lang='lat' dir='ltr'>Pulvis</span> <span class='ocrx_word' id='word_1_44' title='bbox 518 1657 706 1731; x_wconf 88' lang='lat' dir='ltr'>seminum</span> <span class='ocrx_word' id='word_1_45' title='bbox 754 1680 773 1732; x_wconf 91' lang='lat' dir='ltr'>e</span> <span class='ocrx_word' id='word_1_46' title='bbox 821 1659 993 1733; x_wconf 87' lang='lat' dir='ltr'>subflavo</span> <span class='ocrx_word' id='word_1_47' title='bbox 1023 1660 1265 1749; x_wconf 85' lang='lat' dir='ltr'>viridescens,</span> <span class='ocrx_word' id='word_1_48' title='bbox 1313 1655 1444 1732; x_wconf 72' lang='lat' dir='ltr'>lerina</span> 
     </span>
     <span class='ocr_line' id='line_1_10' title="bbox 243 1778 1442 1885; baseline -0.003 -26"><span class='ocrx_word' id='word_1_49' title='bbox 243 1782 414 1862; x_wconf 73' lang='lat' dir='ltr'>semin!</span> <span class='ocrx_word' id='word_1_50' title='bbox 453 1778 613 1885; x_wconf 73' lang='lat' dir='ltr'>Silapls,</span> <span class='ocrx_word' id='word_1_51' title='bbox 651 1806 784 1858; x_wconf 87' lang='lat' dir='ltr'>recens</span> <span class='ocrx_word' id='word_1_52' title='bbox 827 1793 983 1880; x_wconf 88' lang='lat' dir='ltr'>paratus</span> <span class='ocrx_word' id='word_1_53' title='bbox 1026 1787 1065 1859; x_wconf 89' lang='lat' dir='ltr'>in</span> <span class='ocrx_word' id='word_1_54' title='bbox 1103 1787 1263 1859; x_wconf 85' lang='lat' dir='ltr'>officinis</span> <span class='ocrx_word' id='word_1_55' title='bbox 1292 1789 1442 1878; x_wconf 87' lang='lat' dir='ltr'>praesto</span> 
     </span>
     <span class='ocr_line' id='line_1_11' title="bbox 244 1913 1444 2008; baseline -0.001 -22"><span class='ocrx_word' id='word_1_56' title='bbox 244 1913 303 1987; x_wconf 89' lang='lat' dir='ltr'>sit.</span> <span class='ocrx_word' id='word_1_57' title='bbox 361 1914 471 2005; x_wconf 86' lang='lat' dir='ltr'>Aqua</span> <span class='ocrx_word' id='word_1_58' title='bbox 490 1914 727 1986; x_wconf 85' lang='lat' dir='ltr'>humectatus</span> <span class='ocrx_word' id='word_1_59' title='bbox 757 1935 886 1987; x_wconf 89' lang='lat' dir='ltr'>auram</span> <span class='ocrx_word' id='word_1_60' title='bbox 916 1915 1076 2008; x_wconf 85' lang='lat' dir='ltr'>explicat</span> <span class='ocrx_word' id='word_1_61' title='bbox 1103 1917 1307 2003; x_wconf 85' lang='lat' dir='ltr'>volatilem,</span> <span class='ocrx_word' id='word_1_62' title='bbox 1346 1935 1444 1986; x_wconf 89' lang='lat' dir='ltr'>acer·</span> 
     </span>
     <span class='ocr_line' id='line_1_12' title="bbox 242 2039 384 2113; baseline 0 0"><span class='ocrx_word' id='word_1_63' title='bbox 242 2039 384 2113; x_wconf 88' lang='lat' dir='ltr'>rimam.</span> 
     </span>
    </p>

    <p class='ocr_par' dir='ltr' id='par_1_4' title="bbox 244 2168 1445 2753">
     <span class='ocr_line' id='line_1_13' title="bbox 351 2168 1443 2263; baseline 0.002 -24"><span class='ocrx_word' id='word_1_64' title='bbox 351 2168 404 2241; x_wconf 86' lang='lat' dir='ltr'>Nc</span> <span class='ocrx_word' id='word_1_65' title='bbox 434 2168 683 2242; x_wconf 87' lang='lat' dir='ltr'>adulteratum</span> <span class='ocrx_word' id='word_1_66' title='bbox 712 2168 760 2241; x_wconf 89' lang='lat' dir='ltr'>sit</span> <span class='ocrx_word' id='word_1_67' title='bbox 790 2170 928 2243; x_wconf 80' lang='lat' dir='ltr'>Sernen</span> <span class='ocrx_word' id='word_1_68' title='bbox 948 2170 1097 2263; x_wconf 88' lang='lat' dir='ltr'>Sinapis</span> <span class='ocrx_word' id='word_1_69' title='bbox 1124 2193 1209 2243; x_wconf 83' lang='lat' dir='ltr'>curn</span> <span class='ocrx_word' id='word_1_70' title='bbox 1238 2171 1443 2243; x_wconf 88' lang='lat' dir='ltr'>seminibus</span> 
     </span>
     <span class='ocr_line' id='line_1_14' title="bbox 244 2295 1445 2389; baseline -0.001 -22"><span class='ocrx_word' id='word_1_71' title='bbox 244 2295 399 2369; x_wconf 84' lang='lat' dir='ltr'>aliarum</span> <span class='ocrx_word' id='word_1_72' title='bbox 437 2298 708 2386; x_wconf 85' lang='lat' dir='ltr'>crucilerarurn,</span> <span class='ocrx_word' id='word_1_73' title='bbox 756 2301 799 2369; x_wconf 93' lang='lat' dir='ltr'>ut</span> <span class='ocrx_word' id='word_1_74' title='bbox 840 2299 1039 2389; x_wconf 84' lang='lat' dir='ltr'>praecipue</span> <span class='ocrx_word' id='word_1_75' title='bbox 1077 2298 1217 2369; x_wconf 86' lang='lat' dir='ltr'>semine</span> <span class='ocrx_word' id='word_1_76' title='bbox 1255 2297 1445 2368; x_wconf 79' lang='lat' dir='ltr'>Brassiccc</span> 
     </span>
     <span class='ocr_line' id='line_1_15' title="bbox 245 2421 1444 2519; baseline 0.003 -26"><span class='ocrx_word' id='word_1_77' title='bbox 245 2421 370 2519; x_wconf 83' lang='lat' dir='ltr'>Rapae</span> <span class='ocrx_word' id='word_1_78' title='bbox 391 2422 552 2517; x_wconf 57' lang='lat' dir='ltr'>(Lindi,</span> <span class='ocrx_word' id='word_1_79' title='bbox 589 2424 742 2515; x_wconf 84' lang='lat' dir='ltr'>majore,</span> <span class='ocrx_word' id='word_1_80' title='bbox 771 2424 942 2515; x_wconf 78' lang='lat' dir='ltr'>laeviora,</span> <span class='ocrx_word' id='word_1_81' title='bbox 972 2425 1132 2497; x_wconf 80' lang='lat' dir='ltr'>obscure</span> <span class='ocrx_word' id='word_1_82' title='bbox 1171 2425 1289 2517; x_wconf 88' lang='lat' dir='ltr'>lusco,</span> <span class='ocrx_word' id='word_1_83' title='bbox 1320 2426 1444 2497; x_wconf 88' lang='lat' dir='ltr'>minus</span> 
     </span>
     <span class='ocr_line' id='line_1_16' title="bbox 245 2549 1440 2647; baseline 0.002 -24"><span class='ocrx_word' id='word_1_84' title='bbox 245 2551 319 2624; x_wconf 84' lang='lat' dir='ltr'>acri</span> <span class='ocrx_word' id='word_1_85' title='bbox 338 2557 402 2624; x_wconf 86' lang='lat' dir='ltr'>aut</span> <span class='ocrx_word' id='word_1_86' title='bbox 420 2551 561 2626; x_wconf 86' lang='lat' dir='ltr'>semine</span> <span class='ocrx_word' id='word_1_87' title='bbox 587 2551 735 2647; x_wconf 81' lang='lat' dir='ltr'>Sinopis</span> <span class='ocrx_word' id='word_1_88' title='bbox 753 2549 850 2623; x_wconf 81' lang='lat' dir='ltr'><em>albae</em></span> <span class='ocrx_word' id='word_1_89' title='bbox 878 2552 1047 2645; x_wconf 72' lang='lat' dir='ltr'>(Lina),</span> <span class='ocrx_word' id='word_1_90' title='bbox 1077 2552 1229 2644; x_wconf 86' lang='lat' dir='ltr'>majore,</span> <span class='ocrx_word' id='word_1_91' title='bbox 1266 2552 1440 2645; x_wconf 89' lang='lat' dir='ltr'>laeviore,</span> 
     </span>
     <span class='ocr_line' id='line_1_17' title="bbox 245 2678 353 2753; baseline 0.009 -2"><span class='ocrx_word' id='word_1_92' title='bbox 245 2678 353 2753; x_wconf 81' lang='lat' dir='ltr'>ssave.</span> 
     </span>
    </p>
   </div>
   <div class='ocr_carea' id='block_1_3' title="bbox 395 3094 1300 3234">
    <p class='ocr_par' dir='ltr' id='par_1_5' title="bbox 395 3094 1300 3234">
     <span class='ocr_line' id='line_1_18' title="bbox 395 3094 1300 3234; baseline 0 -27"><span class='ocrx_word' id='word_1_93' title='bbox 395 3094 696 3208; x_wconf 68' lang='lat' dir='ltr'>Samen</span> <span class='ocrx_word' id='word_1_94' title='bbox 729 3096 1300 3234; x_wconf 61' lang='lat' dir='ltr'>sucophantas.</span> 
     </span>
    </p>
   </div>
   <div class='ocr_carea' id='block_1_4' title="bbox 250 3316 1460 4818">
    <p class='ocr_par' dir='ltr' id='par_1_6' title="bbox 250 3316 1448 3546">
     <span class='ocr_line' id='line_1_19' title="bbox 359 3316 1448 3417; baseline 0.001 -26"><span class='ocrx_word' id='word_1_95' title='bbox 359 3316 514 3393; x_wconf 87' lang='lat' dir='ltr'>Generis</span> <span class='ocrx_word' id='word_1_96' title='bbox 530 3320 560 3391; x_wconf 88' lang='grc' dir='ltr'><em>Α</em></span> <span class='ocrx_word' id='word_1_97' title='bbox 559 3342 856 3415; x_wconf 74' lang='lat' dir='ltr'>pocyueaceorum</span> <span class='ocrx_word' id='word_1_98' title='bbox 871 3318 1100 3417; x_wconf 73' lang='lat' dir='ltr'>Stroplioatli</span> <span class='ocrx_word' id='word_1_99' title='bbox 1115 3321 1260 3414; x_wconf 87' lang='lat' dir='ltr'>species</span> <span class='ocrx_word' id='word_1_100' title='bbox 1270 3320 1448 3393; x_wconf 84' lang='lat' dir='ltr'>fruticosa</span> 
     </span>
     <span class='ocr_line' id='line_1_20' title="bbox 250 3446 1444 3546; baseline 0 -27"><span class='ocrx_word' id='word_1_101' title='bbox 250 3446 396 3521; x_wconf 83' lang='lat' dir='ltr'>Alricac</span> <span class='ocrx_word' id='word_1_102' title='bbox 416 3449 589 3540; x_wconf 76' lang='lat' dir='ltr'>tropicae,</span> <span class='ocrx_word' id='word_1_103' title='bbox 615 3448 870 3521; x_wconf 87' lang='lat' dir='ltr'>verosimiliter</span> <span class='ocrx_word' id='word_1_104' title='bbox 897 3447 1156 3546; x_wconf 77' lang='lat' dir='ltr'>Stroplantlzus</span> <span class='ocrx_word' id='word_1_105' title='bbox 1183 3448 1345 3543; x_wconf 65' lang='lat' dir='ltr'>lupadus</span> <span class='ocrx_word' id='word_1_106' title='bbox 1373 3449 1444 3521; x_wconf 89' lang='lat' dir='ltr'>DC.</span> 
     </span>
    </p>

    <p class='ocr_par' dir='ltr' id='par_1_7' title="bbox 251 3574 1460 4818">
     <span class='ocr_line' id='line_1_21' title="bbox 359 3574 1450 3669; baseline -0.001 -22"><span class='ocrx_word' id='word_1_107' title='bbox 359 3574 510 3647; x_wconf 83' lang='lat' dir='ltr'>Semina</span> <span class='ocrx_word' id='word_1_108' title='bbox 544 3596 710 3666; x_wconf 89' lang='lat' dir='ltr'>comosa,</span> <span class='ocrx_word' id='word_1_109' title='bbox 749 3581 909 3667; x_wconf 88' lang='lat' dir='ltr'>matura,</span> <span class='ocrx_word' id='word_1_110' title='bbox 948 3578 1097 3665; x_wconf 88' lang='lat' dir='ltr'>siccata,</span> <span class='ocrx_word' id='word_1_111' title='bbox 1136 3577 1294 3669; x_wconf 88' lang='lat' dir='ltr'>derupto</span> <span class='ocrx_word' id='word_1_112' title='bbox 1327 3581 1450 3647; x_wconf 84' lang='lat' dir='ltr'>rostro</span> 
     </span>
     <span class='ocr_line' id='line_1_22' title="bbox 251 3702 1450 3796; baseline -0.002 -21"><span class='ocrx_word' id='word_1_113' title='bbox 251 3703 375 3795; x_wconf 85' lang='lat' dir='ltr'>longo,</span> <span class='ocrx_word' id='word_1_114' title='bbox 391 3708 549 3793; x_wconf 89' lang='lat' dir='ltr'>comato,</span> <span class='ocrx_word' id='word_1_115' title='bbox 566 3702 763 3775; x_wconf 81' lang='lat' dir='ltr'>duodecim</span> <span class='ocrx_word' id='word_1_116' title='bbox 774 3706 822 3777; x_wconf 87' lang='lat' dir='ltr'>ad</span> <span class='ocrx_word' id='word_1_117' title='bbox 837 3703 1092 3796; x_wconf 84' lang='lat' dir='ltr'>duodeviginti</span> <span class='ocrx_word' id='word_1_118' title='bbox 1102 3704 1312 3776; x_wconf 84' lang='lat' dir='ltr'>millirnetra</span> <span class='ocrx_word' id='word_1_119' title='bbox 1326 3702 1450 3794; x_wconf 85' lang='lat' dir='ltr'>longa,</span> 
     </span>
     <span class='ocr_line' id='line_1_23' title="bbox 252 3830 1453 3925; baseline -0.002 -22"><span class='ocrx_word' id='word_1_120' title='bbox 252 3830 323 3903; x_wconf 87' lang='lat' dir='ltr'>tria</span> <span class='ocrx_word' id='word_1_121' title='bbox 346 3831 393 3903; x_wconf 91' lang='lat' dir='ltr'>ad</span> <span class='ocrx_word' id='word_1_122' title='bbox 420 3831 584 3923; x_wconf 86' lang='lat' dir='ltr'>quinque</span> <span class='ocrx_word' id='word_1_123' title='bbox 612 3830 822 3904; x_wconf 88' lang='lat' dir='ltr'>millimetra</span> <span class='ocrx_word' id='word_1_124' title='bbox 846 3832 934 3922; x_wconf 90' lang='lat' dir='ltr'>lata,</span> <span class='ocrx_word' id='word_1_125' title='bbox 964 3852 1193 3925; x_wconf 87' lang='lat' dir='ltr'>compressa,</span> <span class='ocrx_word' id='word_1_126' title='bbox 1221 3831 1453 3923; x_wconf 88' lang='lat' dir='ltr'>plano-con-</span> 
     </span>
     <span class='ocr_line' id='line_1_24' title="bbox 254 3957 1455 4051; baseline 0 -21"><span class='ocrx_word' id='word_1_127' title='bbox 254 3957 481 4049; x_wconf 86' lang='lat' dir='ltr'>vexiuscula,</span> <span class='ocrx_word' id='word_1_128' title='bbox 510 3958 670 4051; x_wconf 82' lang='lat' dir='ltr'>oblongo</span> <span class='ocrx_word' id='word_1_129' title='bbox 684 3959 862 4032; x_wconf 86' lang='lat' dir='ltr'>-linearia</span> <span class='ocrx_word' id='word_1_130' title='bbox 888 3964 953 4031; x_wconf 90' lang='lat' dir='ltr'>aut</span> <span class='ocrx_word' id='word_1_131' title='bbox 981 3959 1201 4051; x_wconf 87' lang='lat' dir='ltr'>lanceolata,</span> <span class='ocrx_word' id='word_1_132' title='bbox 1231 3959 1455 4047; x_wconf 84' lang='lat' dir='ltr'>acuminata,</span> 
     </span>
     <span class='ocr_line' id='line_1_25' title="bbox 253 4064 1456 4179; baseline 0 -23"><span class='ocrx_word' id='word_1_133' title='bbox 253 4084 292 4158; x_wconf 92' lang='lat' dir='ltr'>in</span> <span class='ocrx_word' id='word_1_134' title='bbox 309 4085 424 4159; x_wconf 87' lang='lat' dir='ltr'>latere</span> <span class='ocrx_word' id='word_1_135' title='bbox 444 4086 732 4161; x_wconf 82' lang='lat' dir='ltr'>convexiusculo</span> <span class='ocrx_word' id='word_1_136' title='bbox 753 4086 887 4159; x_wconf 89' lang='lat' dir='ltr'>obtuse</span> <span class='ocrx_word' id='word_1_137' title='bbox 907 4064 1084 4176; x_wconf 84' lang='lat' dir='ltr'>carinata,</span> <span class='ocrx_word' id='word_1_138' title='bbox 1112 4086 1266 4179; x_wconf 83' lang='lat' dir='ltr'>fragilia,</span> <span class='ocrx_word' id='word_1_139' title='bbox 1293 4086 1456 4159; x_wconf 84' lang='lat' dir='ltr'>fractura</span> 
     </span>
     <span class='ocr_line' id='line_1_26' title="bbox 256 4213 1454 4307; baseline -0.001 -21"><span class='ocrx_word' id='word_1_140' title='bbox 256 4214 413 4307; x_wconf 88' lang='lat' dir='ltr'>aequali,</span> <span class='ocrx_word' id='word_1_141' title='bbox 441 4213 662 4288; x_wconf 87' lang='lat' dir='ltr'>indumento</span> <span class='ocrx_word' id='word_1_142' title='bbox 692 4214 956 4304; x_wconf 81' lang='lat' dir='ltr'>crassiusculo,</span> <span class='ocrx_word' id='word_1_143' title='bbox 983 4220 1091 4287; x_wconf 81' lang='lat' dir='ltr'>extus</span> <span class='ocrx_word' id='word_1_144' title='bbox 1120 4220 1289 4288; x_wconf 86' lang='lat' dir='ltr'>tomento</span> <span class='ocrx_word' id='word_1_145' title='bbox 1315 4213 1454 4306; x_wconf 80' lang='lat' dir='ltr'>griseo-</span> 
     </span>
     <span class='ocr_line' id='line_1_27' title="bbox 255 4341 1457 4435; baseline -0.002 -21"><span class='ocrx_word' id='word_1_146' title='bbox 255 4341 360 4414; x_wconf 90' lang='lat' dir='ltr'>viridi</span> <span class='ocrx_word' id='word_1_147' title='bbox 375 4363 395 4415; x_wconf 85' lang='lat' dir='ltr'>e</span> <span class='ocrx_word' id='word_1_148' title='bbox 409 4342 493 4435; x_wconf 88' lang='lat' dir='ltr'>pilis</span> <span class='ocrx_word' id='word_1_149' title='bbox 512 4342 645 4433; x_wconf 79' lang='lat' dir='ltr'>longis,</span> <span class='ocrx_word' id='word_1_150' title='bbox 660 4342 863 4435; x_wconf 77' lang='lat' dir='ltr'>adpressiS,</span> <span class='ocrx_word' id='word_1_151' title='bbox 880 4341 1293 4415; x_wconf 87' lang='lat' dir='ltr'>sericeo-albicantibus</span> <span class='ocrx_word' id='word_1_152' title='bbox 1308 4341 1457 4426; x_wconf 87' lang='lat' dir='ltr'>vestito,</span> 
     </span>
     <span class='ocr_line' id='line_1_28' title="bbox 255 4469 1455 4563; baseline -0.003 -21"><span class='ocrx_word' id='word_1_153' title='bbox 255 4470 400 4561; x_wconf 88' lang='lat' dir='ltr'>nucleo,</span> <span class='ocrx_word' id='word_1_154' title='bbox 430 4471 640 4563; x_wconf 88' lang='lat' dir='ltr'>composito</span> <span class='ocrx_word' id='word_1_155' title='bbox 670 4469 957 4562; x_wconf 87' lang='lat' dir='ltr'>eperispermio</span> <span class='ocrx_word' id='word_1_156' title='bbox 986 4471 1100 4562; x_wconf 89' lang='lat' dir='ltr'>tenui,</span> <span class='ocrx_word' id='word_1_157' title='bbox 1130 4469 1455 4559; x_wconf 82' lang='lat' dir='ltr'>subcartilagineo,</span> 
     </span>
     <span class='ocr_line' id='line_1_29' title="bbox 257 4597 1460 4691; baseline -0.001 -21"><span class='ocrx_word' id='word_1_158' title='bbox 257 4598 394 4672; x_wconf 88' lang='lat' dir='ltr'>ssavido</span> <span class='ocrx_word' id='word_1_159' title='bbox 406 4603 441 4672; x_wconf 87' lang='lat' dir='ltr'>et</span> <span class='ocrx_word' id='word_1_160' title='bbox 451 4620 497 4671; x_wconf 85' lang='lat' dir='ltr'>ex</span> <span class='ocrx_word' id='word_1_161' title='bbox 512 4598 714 4690; x_wconf 86' lang='lat' dir='ltr'>embryone</span> <span class='ocrx_word' id='word_1_162' title='bbox 727 4598 821 4686; x_wconf 88' lang='lat' dir='ltr'>albo,</span> <span class='ocrx_word' id='word_1_163' title='bbox 834 4597 1157 4690; x_wconf 86' lang='lat' dir='ltr'>oleoso-carnoso,</span> <span class='ocrx_word' id='word_1_164' title='bbox 1174 4597 1460 4691; x_wconf 83' lang='lat' dir='ltr'>cotyledouibus</span> 
     </span>
     <span class='ocr_line' id='line_1_30' title="bbox 258 4724 1007 4818; baseline -0.005 -18"><span class='ocrx_word' id='word_1_165' title='bbox 258 4724 443 4818; x_wconf 72' lang='lat' dir='ltr'>oblongis</span> <span class='ocrx_word' id='word_1_166' title='bbox 462 4724 630 4797; x_wconf 89' lang='lat' dir='ltr'>radicula</span> <span class='ocrx_word' id='word_1_167' title='bbox 649 4725 772 4816; x_wconf 80' lang='lat' dir='ltr'>longa,</span> <span class='ocrx_word' id='word_1_168' title='bbox 794 4724 1007 4815; x_wconf 83' lang='lat' dir='ltr'>cylindrica.</span> 
     </span>
    </p>
   </div>
   <div class='ocr_carea' id='block_1_5' title="bbox 0 0 1824 5534">
    <p class='ocr_par' dir='ltr' id='par_1_8' title="bbox 0 0 1824 5534">
     <span class='ocr_line' id='line_1_31' title="bbox 0 0 1824 5534; baseline 0 0"><span class='ocrx_word' id='word_1_169' title='bbox 0 0 1824 5534; x_wconf 95' lang='lat' dir='ltr'> </span> 
     </span>
    </p>
   </div>
  </div>
 </body>
</html>
