3600 5534
706 547 918 619 ..q5-

218 786 283 837 sus
309 765 500 856 deflagrat,
535 765 726 836 flammam
755 763 870 838 edens
901 764 1050 851 flavam,
1083 762 1255 849 lucidam,
1290 760 1412 851 fuligi-

217 912 364 980 nosam,
383 891 533 964 residuo
554 892 656 964 nullo
677 891 814 964 relicto.

327 1018 469 1107 Quodsi
498 1018 673 1092 solutioni
704 1019 790 1091 ferri
810 1018 978 1091 sulfurici
998 1017 1279 1110 superfunditur
1301 1017 1414 1108 Amy·

215 1145 306 1218 lium
316 1147 511 1234 nitrosum,
522 1145 626 1219 brevi
641 1151 809 1238 ternpore
827 1167 871 1219 eo
886 1146 1012 1238 plano,
1025 1166 1100 1237 quo
1116 1144 1229 1217 ambo
1247 1143 1412 1236 liquores

217 1271 313 1344 inter
332 1293 373 1345 se
394 1273 623 1364 contingunt,
644 1273 746 1345 color
764 1271 893 1346 luscus
913 1272 1100 1379 nascitur.¹

327 1400 380 1472 Sit
417 1401 614 1474 reaclionis
634 1401 803 1473 neutrius
841 1406 904 1473 aut
943 1400 992 1472 ad
1011 1420 1201 1473 summurn
1235 1398 1414 1472 aridulae.

219 1525 363 1614 Quodsi
382 1526 516 1620 Amylli
541 1527 672 1600 nitrosi
698 1528 874 1600 volumen
901 1548 1031 1616 unum,
1062 1547 1147 1600 curn
1166 1525 1418 1598 voluminibus

218 1654 337 1726 tribus
371 1654 553 1728 mixturae
583 1677 627 1728 ex
671 1655 889 1748 aequalibus
930 1655 1100 1746 partibus
1133 1653 1343 1758 ammoniae
1382 1658 1418 1724 et

220 1781 352 1873 spiritu
372 1781 447 1853 vini
467 1782 653 1871 absoluto,
680 1781 827 1873 adjecta
852 1782 988 1873 exigua
1005 1787 1112 1875 parte
1132 1780 1273 1872 argenti
1300 1779 1417 1852 nitricl

218 1908 485 1989 solull‚leniter
497 1910 629 1996 calefit,
640 1931 687 1981 ne
700 1909 862 1982 colorem
873 1908 1024 1982 fuscum
1033 1929 1128 1982 neve
1138 1908 1286 1998 nigrum
1298 1908 1418 1980 ducat.

328 2035 627 2129 Conquassando
655 2037 831 2130 aequales
869 2042 997 2128 partes
1035 2035 1170 2128 Amylii
1207 2035 1340 2108 nitrosi
1379 2041 1415 2108 et

219 2186 344 2256 aquae
365 2165 572 2238 destillatae
592 2163 768 2238 volumen
790 2163 942 2237 alterius
962 2164 1023 2236 vix
1042 2169 1236 2255 augeatur.

328 2292 503 2366 Servetur
531 2315 553 2364 a
578 2292 661 2366 luce
681 2297 878 2380 remotum,
906 2292 945 2364 in
973 2291 1075 2364 vasis
1094 2292 1189 2363 bene
1210 2291 1361 2364 siccatis
1382 2295 1418 2363 et

218 2409 371 2495 clausis.

539 2633 777 2774 dmylnm
806 2634 1110 2750 Marantao.

683 2808 946 2888 Arrow-root

329 2946 501 3018 Moronto
521 2949 760 3020 oruadiaoceo
781 2948 915 3039 Lina,
934 2950 1064 3041 planta
1084 2949 1121 3019 in
1146 2947 1280 3020 insulis
1301 2946 1416 3019 Antil-

217 3071 317 3144 lanis
346 3079 569 3166 spontanea,
599 3075 637 3150 iu
658 3075 828 3168 pluribus
848 3075 959 3148 terris
977 3075 1131 3169 tropicis
1152 3074 1262 3161 culta,
1288 3073 1417 3145 forsan

219 3200 335 3272 etiam
355 3200 448 3272 aliae
460 3199 659 3273 'Morantur
677 3201 833 3294 species.
855 3201 1104 3274 Morontaceae.

330 3327 515 3420 Amylum‚
551 3351 571 3402 e
604 3329 810 3403 rhizomate
845 3329 1022 3402 tuberoso
1051 3321 1282 3422 separatum,
1318 3328 1419 3400 sistit

219 3456 416 3548 pulverem
437 3457 685 3546 albissimum,
707 3479 878 3551 opacum,
899 3457 1199 3544 subtilissimum,
1219 3457 1419 3529 inodorum

221 3582 523 3676 insipidumque,
590 3586 844 3679 compositum
890 3605 910 3657 e
957 3585 1123 3674 granulis
1171 3584 1418 3677 simplicibus.

222 3712 444 3802 plerumque
470 3711 602 3800 ovatiS,
622 3710 934 3804 subcompressiS,
955 3710 1136 3784 diametro
1156 3711 1418 3803 longitudinali

222 3838 517 3911 o·ouu—o·054
536 3839 689 3927 millim,
710 3839 836 3911 stratis
856 3839 1065 3911 tenerrimis
1084 3838 1304 3912 excentricis
1325 3838 1420 3910 etin

222 3965 373 4056 regione
394 3965 565 4037 diametri
586 3966 792 4038 transversi
812 3965 957 4037 latioris
972 3965 1105 4038 nucleo
1126 3966 1238 4053 claro,
1261 3966 1417 4058 paulum

224 4093 435 4166 excentrico
455 4097 520 4166 aut
538 4093 675 4165 rimula
695 4098 915 4166 transversa
933 4093 1081 4165 notatis

334 4221 431 4292 Cave
473 4241 520 4292 ue
564 4221 612 4292 sit
650 4221 907 4294 adulteratum
939 4221 1074 4311 Amylo
1100 4219 1229 4310 Tritici,
1274 4220 1418 4318 Oryzoc,

224 4347 360 4421 Muidis
395 4353 461 4419 aut
494 4347 618 4420 Sotadi
651 4347 821 4442 coleron,
864 4369 958 4420 neve
991 4347 1213 4419 adhibeatur
1245 4348 1420 4440 Amylum

225 4476 383 4548 aliarum
402 4477 614 4566 plantarum
639 4477 710 4548 sub
740 4477 874 4547 eodem
892 4474 1045 4548 nomine
1081 4475 1349 4562 „Anow-rooc
1384 4477 1422 4547 in

226 4598 438 4676 mercatura
471 4625 694 4692 occurrens,
735 4607 776 4674 ut
802 4602 969 4698 Amylom
1008 4601 1213 4692 duracinae,
1255 4602 1422 4699 Aneylum

229 4729 324 4826 Soqi,
348 4729 512 4826 Amydon.
534 4730 699 4821 Monidot,
721 4730 887 4827 Amydone
908 4729 1064 4801 Bototos
