3600 5534
855 539 1067 611 -100-

467 756 807 846 Effervescentiam,
828 755 1022 850 quaejam
1046 755 1213 830 nascitur
1236 755 1402 844 nimiam,
1424 754 1557 829 addita

362 883 496 974 exigua
516 884 722 976 quantitate
741 885 896 979 spiritus
917 884 993 956 vini
1012 888 1192 977 tempera.

469 1009 672 1084 Reactione
691 1018 843 1106 peracta
858 1010 1051 1084 cucurbita
1066 1031 1165 1102 aqua
1177 1007 1342 1082 bullienti
1358 1009 1558 1103 impleatur

362 1142 398 1211 et
412 1138 540 1211 leviter
554 1143 653 1212 tecta
671 1143 886 1232 seponatur,
902 1139 1022 1211 donec
1037 1137 1320 1231 praecipitatum
1336 1137 1557 1210 subsederit.

255 1340 264 1372 0
362 1265 446 1354 Quo
461 1265 558 1337 facto
574 1264 755 1356 liquidum
770 1269 1023 1358 supernatans
1039 1263 1212 1356 siphonis
1222 1285 1293 1356 ope
1305 1263 1558 1353 abstrahatur,

362 1393 554 1467 cucurbita
590 1414 724 1467 rursus
754 1415 854 1487 aqua
891 1392 1058 1465 bullienti
1096 1392 1306 1485 impleatur,
1349 1391 1556 1465 sedimento

362 1521 533 1613 deposito
552 1519 737 1613 liquidum
756 1520 881 1594 denuo
898 1521 1148 1594 abstrahatur.
1177 1520 1220 1592 Id
1234 1520 1376 1593 tamdiu
1391 1521 1556 1607 iteretur,

361 1649 482 1721 donec
501 1669 600 1740 aqua
619 1648 753 1721 lotoria
769 1647 885 1739 baryo
905 1647 1037 1720 nitrico
1058 1648 1117 1720 vix
1137 1648 1318 1722 turbetur.

471 1774 727 1848 Sedimentum
747 1773 860 1847 linteo
881 1774 1076 1848 collectum
1096 1796 1166 1868 ope
1177 1776 1269 1868 preli
1279 1775 1481 1848 fortissime
1493 1797 1554 1848 ex·

360 1903 553 1996 primatur,
575 1902 726 1974 demum
745 1923 832 1975 curn

499 2025 668 2105 Saoobrri
688 2026 868 2128 pulverati
902 2029 1073 2126 prammu
1090 2029 1245 2102 duaenm
1288 2016 1290 2020 ’
1477 2030 1556 2102 200

362 2159 519 2232 mixtum
538 2157 577 2230 in
595 2156 731 2229 balneo
751 2179 871 2250 aquae
892 2158 1057 2232 celeriter
1075 2159 1235 2232 siccetur
1250 2163 1286 2230 et
1299 2158 1338 2231 in
1352 2179 1443 2231 vase
1458 2159 1554 2231 bene

363 2287 490 2359 clauso
510 2288 691 2358 servetur.

469 2411 598 2485 Pulvis
631 2413 679 2485 sit
712 2411 847 2486 coloris
876 2433 896 2484 e
922 2411 1028 2485 viridi
1061 2411 1207 2503 cinerei,
1243 2412 1389 2506 saporis
1424 2411 1555 2499 dulcis

361 2540 569 2633 ferruginei,
580 2540 618 2612 in
629 2537 735 2611 acido
746 2539 1030 2630 hydrochlorico
1040 2539 1280 2614 vehementer
1290 2540 1554 2624 effervescens;

361 2669 527 2742 solvatur
545 2667 584 2740 in
602 2667 784 2758 liquorem
804 2688 849 2738 ex
868 2666 975 2739 viridi
999 2668 1147 2758 ssavum,
1171 2667 1234 2760 qui
1249 2689 1348 2760 aqua
1364 2666 1555 2758 hydrosul·

311 2879 316 2886 ,
361 2799 484 2870 furata
501 2816 570 2868 nec
591 2795 774 2868 coloretur
803 2815 871 2868 nec
899 2795 1186 2888 praecipitatum
1217 2795 1392 2888 deponat.
1414 2793 1556 2867 Solutio

360 2943 518 3015 aquosa,
530 2921 637 2994 acido
652 2921 935 3014 hydrocblorico
951 2945 998 2996 ne
1008 2924 1095 3016 plus
1106 2943 1219 3015 quam
1229 2943 1326 3015 opus
1342 2928 1400 2995 est
1413 2922 1556 3010 effecta,

361 3051 479 3143 baryo
497 3050 628 3122 uitrico
648 3070 696 3121 ne
715 3049 842 3122 statim
860 3051 1039 3123 turbetur.

472 3177 650 3249 Gramma
668 3197 788 3249 unum
810 3177 1023 3270 praeparati
1042 3176 1081 3250 in
1100 3179 1223 3250 catino
1247 3177 1388 3251 iteratis
1412 3176 1556 3249 vicibus

362 3305 468 3378 acido
489 3304 619 3377 uitrico
647 3304 904 3376 humectatum
937 3309 974 3378 et
1006 3301 1266 3378 candefactum
1285 3304 1491 3394 residuum,
1512 3325 1557 3376 ex

361 3432 458 3505 ferro
474 3431 635 3523 oxydato
652 3435 843 3520 constans,
860 3432 1058 3525 relinquat,
1074 3432 1180 3525 cujus
1195 3431 1345 3525 pondus
1361 3432 1558 3505 minimum

360 3560 409 3632 sit
429 3560 518 3633 obl
539 3565 799 3652 grammatum.

471 3687 512 3759 In
550 3692 735 3780 apparatu
773 3686 929 3760 Marsbii
968 3687 1225 3759 examinatum
1262 3707 1309 3759 ne
1357 3687 1557 3781 vestigium

362 3814 514 3906 quidem
535 3813 677 3908 speculi
697 3814 856 3887 arsenici
874 3814 1066 3908 praebeat.

337 4185 342 4198 ’
495 4209 720 4319 Ferrum
748 4212 989 4319 citrioum
1015 4213 1416 4320 ammoniotum.

470 4435 658 4507 Lamellae
693 4455 738 4506 ex
770 4433 878 4507 fusco
908 4435 1053 4522 rubrae,
1081 4435 1233 4523 nitidae,
1267 4436 1485 4529 amorphae,
1518 4437 1556 4509 in

362 4584 461 4654 aqua
493 4563 632 4654 frigida
668 4561 776 4634 facile
815 4562 1007 4636 solubiles
1046 4562 1189 4636 Solutio
1237 4563 1434 4655 coquendo
1479 4585 1556 4636 non

361 4692 544 4782 turbatur,
582 4712 668 4765 cum
708 4687 895 4761 solutione
932 4690 1021 4762 kolii
1039 4689 1323 4784 hydroorydati,
1357 4711 1434 4766 non
1467 4713 1555 4767 vero
