3600 5534
723 530 964 603 -243-

237 750 375 842 obliqui
395 750 470 823 bilo
488 750 617 825 leviter
631 752 825 843 impressa,
836 753 936 824 testa
950 748 1174 840 laevissima,
1185 748 1313 839 nitida,
1323 748 1440 839 fusca,

237 876 349 969 tenui,
377 876 505 969 rigida,
530 878 755 970 epidermide
780 877 1049 969 mucilaginoso
1072 876 1266 963 instructa,
1293 874 1379 947 inde
1397 874 1437 947 in

238 1025 337 1095 aqua
361 1004 526 1077 emollita
544 1004 692 1096 lubrica,
719 1004 851 1077 nucleo
872 1004 998 1078 albido
1017 1005 1077 1078 vel
1102 1001 1290 1096 subviridi,
1311 1002 1436 1095 amylo

237 1137 394 1221 carente,
415 1131 563 1224 saporis
583 1131 682 1205 mitis
702 1132 828 1221 oleosi‚
848 1132 952 1205 haud
970 1131 1122 1206 rancidi.

345 1258 554 1347 Quotannis
572 1258 804 1333 renovanda.

344 1382 478 1483 Species
495 1384 710 1459 mollientes.

563 1710 753 1819 Semcn
778 1709 1107 1851 Myristicae.

667 1939 765 2021 Nux
787 1941 1015 2021 moechata.

341 2119 715 2218 Myriste'cosraprons
735 2119 834 2193 vide:
853 2116 984 2193 Mucio.

340 2246 467 2321 Nuclei
486 2248 652 2339 seminiS,
672 2248 792 2321 forma
820 2246 919 2319 ovali
938 2252 1003 2320 aut
1022 2246 1261 2339 subglobosa,
1288 2247 1362 2320 duo
1382 2247 1430 2320 ad

231 2375 301 2448 tria
330 2375 547 2448 centimetra
564 2376 603 2448 in
624 2375 812 2463 diametm,
841 2374 1052 2466 ponderosi,
1083 2378 1190 2448 extus
1218 2374 1429 2448 reticulato·

232 2501 370 2593 rugosi,
391 2502 565 2591 subfusci,
594 2503 811 2595 plerumque
840 2502 993 2593 pulvere
1023 2502 1107 2573 albo
1136 2502 1317 2594 adspersi,
1348 2502 1430 2575 basi

231 2628 314 2719 hilo,
336 2628 438 2721 apice
459 2627 614 2703 choloza
634 2634 670 2701 et
689 2630 726 2701 in
745 2634 850 2721 parte
860 2627 987 2721 paullo
998 2629 1123 2701 minus
1135 2650 1302 2701 convexa
1310 2628 1429 2721 raphe

229 2756 374 2830 sulcata
400 2755 581 2845 instructi,
612 2756 798 2829 albumine
819 2755 1058 2848 griseo-albo,
1086 2756 1427 2848 oleoso-iannoso,

228 2882 309 2955 basi
338 2881 582 2975 embryonem
611 2884 841 2972 continente,
870 2883 976 2976 plicis
1006 2883 1245 2955 membranae
1282 2883 1427 2975 integu-

228 3008 341 3082 menti
360 3009 526 3082 internae
547 3011 705 3084 obscure
726 3009 836 3083 brivis
855 3012 1053 3101 ruminato,
1074 3010 1199 3082 odoris
1221 3015 1258 3083 et
1278 3012 1425 3102 saporis

228 3134 357 3209 eximie
377 3137 577 3210 aromatici.

336 3262 463 3337 Nuclei
482 3264 627 3355 mucidi,
643 3264 757 3353 leves,
774 3266 821 3337 ab
842 3265 993 3337 insectis
1014 3265 1165 3353 corrosi,
1178 3286 1246 3339 nee
1266 3287 1343 3340 non
1358 3268 1423 3340 ob·

226 3389 325 3481 longi
351 3394 388 3462 et
406 3388 576 3482 majores
606 3392 751 3484 saporis
781 3396 817 3464 et
845 3390 971 3464 odoris
1002 3392 1200 3483 debilioris
1221 3392 1425 3490 Myristicce

216 3515 348 3611 setene
368 3516 562 3609 (Houtt.)
583 3519 791 3611 progenies
810 3518 1035 3610 rejiciantur.

332 3642 440 3741 Aque
458 3644 653 3719 oronmte'eo
672 3647 876 3741 spiritunon.
908 3644 1150 3721 Electucre'um
1169 3648 1416 3722 aromaticum.

227 3767 385 3868 Spiritus
404 3770 627 3847 aroeeotieus.

590 4090 781 4204 Senon
807 4094 1064 4233 uuerous.

338 4298 490 4391 Qteercm
526 4299 764 4396 pedunculoio
809 4307 845 4375 et
887 4302 1039 4393 Quercus
1067 4304 1280 4399 sessiliflorc,
1318 4306 1422 4378 vide:

231 4426 353 4501 Cortex
372 4427 532 4518 Quercus.

335 4554 486 4629 Semina
512 4560 660 4630 matura
689 4559 837 4647 siccata,
878 4559 1169 4649 exalbuminosa,
1200 4564 1373 4632 constant
1402 4582 1422 4631 e

206 4680 499 4774 'cotyletonibus
521 4682 679 4775 duobus,
701 4706 813 4776 saepe
835 4685 913 4776 jam
940 4687 1133 4778 separatis
1163 4686 1334 4779 oblongis
1363 4689 1422 4760 vel

1208 4824 1256 4878 16*
