3600 5534
839 488 1075 562 —ata—

355 707 483 779 metris
505 707 644 779 cubicis
666 706 795 781 decem
815 706 883 797 (10
896 702 969 813 CC)
991 706 1113 793 soluti,
1134 705 1254 780 donec
1269 711 1396 799 guttae
1411 706 1555 799 aliquot

355 832 618 920 chlorot'ormii,
638 854 723 906 cum
743 832 911 905 miscella
945 838 1230 925 conquassatae,
1251 834 1415 907 colorem
1447 856 1551 909 rosa·

355 983 463 1034 ceum
490 983 567 1035 non
596 962 756 1053 amplius
776 967 1066 1035 evanescentem
1082 962 1246 1035 tranunt.

838 1302 1069 1447 Species.

465 1528 702 1603 Substantiae
731 1528 778 1600 ad
809 1528 955 1620 species
980 1527 1169 1621 parandas
1198 1528 1434 1602 adhibendae
1463 1547 1551 1601 con·

354 1657 512 1729 cidendo
532 1657 591 1730 vel
609 1655 798 1748 raspando
818 1656 877 1729 vel
897 1655 1160 1728 contundendo
1181 1656 1385 1748 aequaliter
1400 1655 1552 1729 commi·

353 1790 525 1858 nuanlur.
540 1784 668 1856 Pulvis
685 1782 856 1855 subtilior
867 1781 1156 1855 comminuendo
1167 1788 1271 1856 omns
1283 1789 1551 1875 amoveatur,

355 1913 427 1986 nisi
444 1913 524 2004 ejus
541 1911 753 1985 commixtio
770 1910 1000 2005 praescripta
1019 1911 1077 1998 sit,
1098 1931 1172 2001 quo
1191 1910 1232 1985 in
1246 1932 1338 1985 casu
1352 1909 1433 2002 ejus
1449 1910 1552 2014 modi

355 2041 500 2134 species
530 2046 615 2113 ante
646 2039 967 2131 dispensationem
988 2039 1277 2132 conquassando
1296 2061 1429 2112 mrsus
1448 2059 1549 2113 com·

353 2168 566 2242 miscendae
581 2173 679 2241 sunt.

461 2295 521 2369 Ad
559 2296 827 2387 cataplasmata
868 2295 1036 2388 paranda
1072 2293 1217 2387 species
1264 2294 1313 2366 ad
1358 2294 1552 2387 pulverem

353 2445 528 2515 grossum
546 2424 770 2515 redigantur.

697 2686 914 2891 Species
933 2744 1214 2854 Althaeae.

352 2975 452 3066 Rpe:
488 2970 667 3050 llollom
687 2968 858 3047 Althaeae
911 2977 1114 3067 erammato
1133 2968 1226 3041 mille
1446 2970 1550 3042 1000

487 3098 632 3196 italicis
649 3096 822 3176 Althaeae
875 3103 1079 3195 yrommoto
1098 3097 1286 3195 qoinqmto
1470 3096 1549 3170 500

548 3288 564 3319 ‚,
651 3224 861 3330 liquirillae
968 3230 1171 3322 qroocmnto
1190 3224 1337 3337 docento
1355 3229 1387 3295 et

1152 3352 1412 3449 quinquaqinta
1470 3352 1548 3426 250

488 3483 630 3563 lim·
649 3482 782 3560 Halm
863 3488 1066 3580 qrammota
1085 3487 1229 3586 centum.
1472 3482 1548 3554 100

459 3612 621 3685 Coneisa
641 3617 678 3684 ct
696 3610 897 3683 commixta
917 3631 1036 3683 serva.
1061 3616 1064 3620 ’

634 3934 852 4080 Species
877 3935 1257 4043 amaricantes

344 4161 446 4255 Rpe:
481 4156 621 4239 llerlae
640 4156 817 4237 llstntltt

540 4348 555 4377 „
644 4285 822 4364 tenuerit
844 4284 993 4364 nimis

478 4416 629 4495 dortieis
646 4414 795 4493 linctus
809 4413 974 4492 talantii
1021 4413 1068 4487 αῖι
1082 4418 1284 4512 qrammoio
1299 4418 1434 4485 centem
1466 4414 1543 4491 100

477 4544 658 4624 lolioru-
677 4540 818 4623 Tritolii
838 4540 960 4621 fllrlnl

478 4671 625 4752 llodleis
642 4672 773 4753 entant
792 4671 978 4751 trontiei
