3600 5534
711 560 924 632 ..47-

456 879 1180 1024 Caluiumlrypuulrlumsum.

620 1109 800 1189 Calcaria
823 1109 1016 1189 chlorata.

326 1306 453 1379 Pulvis
493 1307 621 1394 alhm,
662 1305 832 1378 chiorum
865 1307 1060 1394 redolens,
1100 1306 1245 1398 saporis
1284 1305 1417 1394 acerbi,

216 1435 415 1507 humorem
435 1434 649 1520 adtrahens
679 1433 717 1505 in
745 1455 844 1526 aqua
864 1455 910 1506 ex
930 1439 1046 1525 parte,
1074 1433 1112 1505 in
1133 1434 1259 1523 acidis,
1289 1433 1418 1506 chloro

217 1561 371 1652 largiter
390 1562 540 1650 emisse,
560 1563 635 1635 lere
657 1583 703 1634 ex
723 1567 803 1634 toto
824 1561 1005 1634 solubilis.

328 1706 525 1780 Contineat
561 1708 599 1779 in
647 1714 795 1781 eentum
832 1707 1000 1800 partibus
1047 1714 1174 1800 partes
1221 1709 1418 1782 minimum

215 1837 342 1928 viginti
375 1837 456 1927 (aa)
491 1836 608 1908 chlori
637 1837 755 1923 activi,
791 1837 878 1909 inde
908 1837 1010 1908 color
1047 1837 1241 1910 solutionis
1273 1837 1416 1927 indigo·

215 1963 372 2037 carmini
391 1964 584 2036 eaeruleus
599 1963 637 2036 in
652 1964 805 2036 viridem
821 1963 897 2036 sive
915 1963 1182 2037 ssavo-luscum
1195 1971 1368 2055 mutetur,
1388 1965 1420 2037 si

216 2091 299 2183 ejus
320 2093 415 2164 duas
435 2097 559 2164 tresve
584 2098 707 2183 guttas
727 2091 965 2164 instillaveris
994 2093 1172 2165 misturae
1191 2098 1345 2185 paratae
1375 2113 1419 2164 ex

329 2255 468 2328 Caleii
499 2253 828 2346 hypoehlorosi
882 2261 1075 2351 qrammau
1093 2279 1161 2326 uno
1396 2259 1411 2328 l

326 2418 484 2509 Aquae
514 2418 780 2491 destillalae
836 2419 1010 2514 yram-mis
1030 2423 1159 2489 eentum
1342 2421 1417 2492 100

326 2582 460 2654 Acidi
501 2585 767 2657 arsenieosi
805 2585 848 2655 in
888 2583 1018 2656 acido
1056 2582 1419 2674 hydrochlorico

223 2709 371 2783 diluto
401 2732 430 2782 s,
462 2733 496 2802 q.
528 2712 694 2784 soluti·

393 2837 652 2934 milllyrammis
672 2838 823 2911 duceretis
843 2841 1063 2934 septnnqinlu
1082 2841 1241 2934 quinque.
1299 2839 1419 2912 0075

332 2982 506 3056 Servetur
525 3005 614 3080 vase
643 2985 770 3072 vitre0‚
801 2986 895 3057 bene
926 2985 1075 3073 siccate,
1105 2983 1234 3057 clauso
1263 2990 1299 3057 et
1327 2984 1419 3057 lueis

221 3132 378 3184 accessu
391 3116 549 3184 remoto.

530 3524 767 3633 Onlrium
796 3524 1109 3666 oxydatum.

622 3751 804 3832 Calcaria
826 3753 1020 3832 eaustiea.

329 3947 520 4040 Eligantur
538 3951 657 4021 liusta
677 3950 802 4030 densa,
825 3969 940 4040 quam
963 3949 1124 4020 maxime
1154 3949 1250 4035 alba,
1281 3969 1420 4040 aquam

219 4075 390 4164 sitientia,
421 4098 515 4169 quae
547 4076 698 4148 dimidia
725 4076 901 4168 ponderis
931 4081 1034 4167 parte
1065 4096 1185 4166 aquae
1214 4097 1422 4167 conspersa

219 4225 448 4296 magnopere
468 4204 664 4276 ferventer
681 4204 720 4276 in
739 4203 931 4296 pulverem
951 4203 1181 4287 dilabuntur;
1204 4224 1289 4274 eum
1303 4203 1421 4275 tribus

219 4352 339 4424 usque
362 4337 522 4424 quatuor
541 4331 709 4425 partibus
731 4352 850 4422 aquae
870 4331 1013 4423 pultem
1029 4330 1192 4422 spissam
1212 4329 1420 4419 efformant‚

219 4460 256 4532 in
283 4459 391 4532 acido
410 4459 697 4550 hydroehlorico
717 4459 869 4532 nonnisi
888 4459 1043 4550 paulum
1063 4458 1366 4530 effervescentem
1386 4462 1421 4529 et

218 4587 383 4660 maxima
402 4607 447 4659 ex
468 4592 572 4678 parte
593 4586 802 4660 solubilem.

328 4737 431 4828 Aqua
454 4729 576 4804 Cumis.
613 4730 767 4804 Onlrium
789 4729 1087 4828 oxysulfuratum.
