3600 5534
716 535 932 609 -103-

334 758 512 832 Gramma
523 777 640 830 unum
650 755 869 843 salisacido
879 753 1012 827 nitrico
1022 752 1280 825 humectatum
1290 755 1328 824 et
1337 756 1423 843 post

225 886 513 960 exsiccationem
548 890 655 958 caute
690 882 858 974 ignitum,
888 881 1084 954 minimum
1116 879 1424 970 centigrammata

225 1013 352 1106 viginti
370 1017 515 1106 septem
541 1012 661 1104 (om)
690 1009 777 1082 ferri
802 1009 952 1100 oxydati
967 1007 1162 1099 relinquat,
1180 1006 1279 1098 quod
1301 1027 1422 1097 aquae

223 1141 388 1215 fervidae
407 1139 501 1212 nihil
522 1137 680 1212 solubile
699 1136 897 1231 impertiat.

332 1268 376 1341 In
395 1271 580 1362 apparatu
599 1265 751 1337 Marshii
786 1264 1041 1338 examinatum
1074 1261 1231 1354 vestigia
1264 1260 1421 1334 arsenici

224 1417 273 1468 ne
293 1395 476 1469 exhibeat.

334 1523 511 1596 Servetur
528 1542 619 1595 vase
639 1543 662 1594 a
680 1520 753 1594 luci
771 1525 928 1594 remoto.

223 2030 446 2137 llcrrnm
485 2036 540 2134 et
566 2025 812 2134 Natrinm
849 2025 1418 2168 pyropbospboricum.

330 2287 458 2362 Pulvis
473 2285 722 2379 crystallinus
739 2286 858 2376 albus
879 2287 1027 2379 saporis
1041 2286 1144 2376 salsi,
1163 2306 1242 2359 non
1262 2285 1419 2359 adstrin-

222 2417 352 2510 gentis,

332 2543 375 2616 ln
395 2563 495 2634 aqua
514 2541 648 2635 frigida
667 2542 864 2620 difficulter
896 2547 933 2615 et
965 2544 1075 2632 lente,
1102 2543 1171 2616 sed
1193 2543 1304 2636 plane
1323 2543 1422 2616 solu·

225 2671 323 2761 bilis,
343 2671 382 2742 in
413 2668 557 2742 fervida
589 2670 697 2743 facile
730 2670 897 2760 solvitur,
933 2671 1071 2746 solutio
1103 2670 1226 2745 induit
1258 2671 1423 2745 colorem

223 2797 446 2872 subflavum.
465 2795 520 2867 Ex
539 2797 724 2871 solutione
758 2819 903 2892 aquosa
934 2799 1069 2892 spiritu
1093 2797 1170 2871 vini
1204 2799 1261 2872 sal
1279 2798 1422 2890 integer

138 2915 143 2928 ¹
221 2924 497 3018 praecipitatur,
527 2923 653 2998 floccis
683 2926 777 2999 albis
811 2927 968 3001 emissis,
1004 2925 1067 2999 Sal
1100 2946 1171 3019 ope
1190 2926 1243 2999 fili
1267 2926 1421 3021 platinei

222 3053 338 3126 limbo
358 3052 531 3125 flammae
550 3073 684 3145 pamm
712 3053 871 3127 lucentis
906 3053 1110 3142 admotum,
1139 3052 1228 3125 huic
1257 3055 1422 3126 colorem

220 3181 369 3254 intense
388 3179 530 3252 ssavum
546 3178 686 3252 tribuit.

331 3304 475 3380 Solutio
502 3326 659 3397 aquosa,
685 3307 743 3380 vel
771 3329 840 3401 per
873 3308 1017 3402 aliquot
1036 3314 1187 3402 tempus
1222 3309 1270 3381 ad
1291 3309 1418 3382 ebulli-

221 3435 363 3508 tionem
392 3437 530 3522 evecta‚
559 3453 637 3506 non
669 3435 852 3524 turbatur,
891 3436 959 3508 sed
997 3437 1123 3526 acidis,
1162 3436 1274 3509 etiam
1311 3435 1418 3507 acido

221 3561 364 3649 uitrico,
380 3557 536 3651 adjectis
555 3559 831 3654 praecipitatur.
853 3562 1112 3636 Sedimentum
1126 3563 1321 3655 coquendo
1341 3583 1418 3635 non

223 3687 464 3776 consumitur,
503 3686 578 3760 nisi
615 3687 732 3761 multo
771 3689 878 3762 acido
918 3690 1073 3782 adjecto,
1120 3689 1257 3763 solutio
1287 3690 1419 3763 effecta

228 3817 390 3889 colorem
409 3836 455 3886 ex
473 3813 585 3887 rutilo
604 3813 744 3888 flavum
761 3817 902 3910 recipit.

332 3940 460 4015 Natrio
481 3941 679 4014 carbonico
699 3944 835 4017 solutio
869 3966 1016 4036 aquosa
1047 3965 1125 4016 non
1144 3946 1419 4038 praecipitatur,

223 4071 365 4159 eadem,
386 4088 463 4141 non
482 4067 594 4142 nimis
616 4075 866 4160 concontrata,
889 4071 1018 4144 addita
1037 4071 1228 4144 ammonia
1256 4073 1419 4146 colorem

223 4197 353 4291 recipit
385 4215 431 4269 ex
462 4195 576 4268 rubro
609 4198 777 4284 luscum;
811 4197 910 4270 kalio
935 4197 1219 4291 hydrooxydato
1253 4199 1418 4273 admixto

224 4325 359 4398 solutio
378 4321 663 4417 praecipitatum
684 4325 837 4418 deponit
858 4327 993 4399 coloris
1015 4345 1060 4398 ex
1079 4326 1193 4397 rubro
1212 4326 1318 4400 fusci.

332 4452 384 4524 Ex
405 4448 591 4524 solutione
613 4472 759 4543 aquosa
778 4459 934 4545 argento
967 4453 1101 4525 nitrico
1134 4454 1420 4547 praecipitatum

224 4580 370 4654 ducitur
399 4574 537 4668 album,
567 4578 668 4670 quod
696 4580 734 4652 in
763 4579 869 4652 acido
897 4580 1032 4653 uitrico
1061 4582 1236 4670 solutum,
1271 4582 1420 4654 nonnisi

225 4708 396 4799 exiguam
414 4704 677 4796 turbationem,
688 4712 841 4799 argento
852 4707 1020 4780 chlorato
1031 4709 1212 4796 effectam,
1223 4707 1420 4800 relinquat.
