3600 5534
749 556 993 634 -uor—

371 776 537 852 Miscella
563 780 713 873 saepius
743 778 919 872 agitando
945 785 1020 854 stet
1047 801 1115 872 per
1139 778 1247 870 diem,
1266 783 1347 852 tum
1366 778 1462 851 sedi·

264 910 431 979 mentum
445 927 468 979 a
482 906 623 998 liquore
640 912 866 1000 separatum,
886 927 1044 999 prorsus
1063 905 1207 981 elutum
1227 911 1263 978 et
1277 906 1465 984 siccatum

264 1054 330 1125 per
350 1032 511 1106 cribrum
528 1032 744 1124 trajiciatur.

373 1158 427 1231 Sit
455 1159 578 1253 pulvis
610 1161 766 1252 subtilis²
787 1162 962 1250 citrium,
997 1160 1239 1249 siccissimus‚
1279 1162 1341 1254 qui
1379 1182 1464 1234 cum

266 1288 451 1361 ammonia
460 1293 672 1381 quassatus
680 1288 854 1361 filtrando
864 1289 1235 1382 liquorempraebeat
1243 1289 1463 1376 decolorem,

265 1420 348 1507 post
370 1415 671 1508 evaporationem
699 1416 790 1489 nihil
809 1416 947 1489 residui
965 1415 1253 1510 relinquentem
1274 1418 1462 1489 humecta·

266 1549 325 1615 tus
345 1563 444 1637 aqua
464 1542 632 1615 chartam
650 1543 938 1637 exploratoriam
957 1544 1169 1617 caeruleam
1187 1564 1235 1615 nc
1255 1544 1294 1615 in
1312 1544 1465 1617 rubram

266 1675 391 1743 mutet.

372 1794 610 1872 Fervesactus
631 1796 809 1893 deflagret
826 1800 977 1873 residuo
996 1798 1197 1892 perexiguo
1216 1797 1355 1871 relicto.

376 1924 496 1996 Puluis
515 1924 732 2022 iniquitatate
751 1928 968 2023 compositus.

543 2210 728 2321 Suliur
753 2212 1190 2357 praecipitatum.

722 2407 808 2485 Lac
830 2406 1005 2485 sulfuris,

265 2578 363 2671 Hpc:
400 2576 508 2655 (inicii
524 2577 670 2680 oxydati
686 2587 852 2661 recutiat·
867 2583 941 2658 usti
968 2580 1337 2679 yrommatoducenta.
1387 2581 1465 2652 000

372 2705 414 2779 In
433 2707 554 2781 lebete
574 2708 695 2782 ferreo
716 2731 801 2783 cunr

400 2832 521 2934 iique
574 2838 747 2933 dromonis
766 2838 860 2909 milla
874 2836 1030 2910 ducentis
1362 2834 1465 2907 luoo

266 2962 304 3034 in
322 2962 465 3054 pultem
484 2962 644 3037 redactis
664 2964 829 3039 admisce

402 3086 558 3165 Suiiuris
578 3086 763 3169 subitati
816 3098 1022 3190 grammato
1040 3092 1230 3188 qainqeata
1386 3088 1464 3160 500

399 3215 520 3316 Aque
583 3226 821 3314 yrommaium
841 3221 994 3317 quiaque
1013 3220 1137 3291 millio.
1360 3216 1465 3287 5000

373 3344 486 3417 Mixta
506 3345 576 3418 sub
593 3346 772 3420 continua
786 3349 986 3440 agitatione
1007 3352 1217 3439 coquantur
1234 3365 1302 3435 per
1321 3344 1464 3430 horam,

266 3492 403 3564 aquam
423 3478 662 3566 evaporatam
682 3474 839 3548 subinde
857 3475 1100 3549 restituendo.

372 3598 467 3674 Dein
486 3600 670 3693 liquorem
695 3601 855 3675 defunde
886 3602 925 3675 in
952 3604 1135 3694 lagenam,
1160 3605 1249 3694 post
1273 3600 1463 3692 refrigera-

266 3726 405 3800 tionem
424 3729 519 3802 ben‘e
540 3728 707 3801 clausam
727 3734 763 3802 et
782 3730 974 3804 residuum
995 3731 1118 3803 denuo
1139 3748 1257 3820 coque
1277 3749 1362 3799 cum

399 3850 520 3953 Aquae
592 3862 833 3953 yrommotum
854 3857 965 3929 tribus
984 3857 1138 3928 millibus
1360 3857 1465 3930 3000

265 4000 332 4073 per
350 3982 588 4058 semihoram.

371 4108 480 4185 Hunc
505 4130 653 4203 quoque
682 4108 866 4202 liquorem
894 4112 933 4183 in
952 4110 1124 4203 lagenam
1149 4110 1312 4197 infunde,
1343 4132 1362 4181 e
1391 4130 1467 4201 qua

268 4236 476 4310 sedimento
514 4237 692 4329 deposito,
736 4237 906 4329 siphonis
945 4259 1015 4331 ope
1052 4238 1235 4331 liquorem
1271 4234 1467 4327 limpidum

266 4362 443 4438 abstrahe
477 4365 516 4437 in
550 4387 617 4437 vas
646 4365 739 4437 satis
769 4387 902 4457 capax,
933 4374 968 4437 et
997 4367 1161 4438 admisce
1191 4364 1260 4437 sub
1290 4362 1467 4435 continua

264 4491 463 4583 agitatione
483 4491 689 4565 miscellam
710 4514 754 4564 ex

400 4616 501 4693 ndu
521 4616 793 4717 hydrocbiorici
814 4618 1039 4695 concontrati
1060 4618 1142 4719 puri

627 4769 659 4841 q.
681 4768 709 4817 s.
732 4746 887 4834 (circiter
904 4753 1107 4843 qrurnmato
1126 4748 1355 4843 neptium-nto)
