3600 5534
702 534 916 610 ,ΧΙ-

213 754 334 862 narii,
369 751 523 870 quibus
562 752 605 842 iu
640 753 869 869 provinciis
908 754 970 842 rei
1007 753 1274 842 medicinalis
1307 784 1410 842 cura

213 917 356 1007 deleta
404 927 478 1026 est,
535 917 694 1033 aliique
744 918 844 1006 artis
888 917 1084 1006 medicae
1129 929 1173 1006 et
1206 907 1408 1034 pharma-

214 1084 404 1170 ceutioae
427 1082 611 1170 consulti
633 1085 886 1171 seutentiam
910 1083 1067 1192 darent,
1096 1083 1241 1171 utrum
1264 1083 1408 1199 dispo-

213 1249 387 1334 sitiones
410 1248 455 1333 iu
478 1244 667 1334 elenchis
691 1246 819 1334 initae
845 1245 1066 1334 desideriis
1081 1247 1334 1335 ‘medicinae
1356 1277 1408 1336 ac

214 1412 459 1526 indigentiis
483 1411 733 1500 commercii
765 1411 806 1496 in
838 1411 1018 1498 officinis
1052 1412 1407 1527 pharnraceuticis

213 1557 301 1663 illic
324 1575 463 1663 obviis
487 1576 710 1684 sufficiant,
730 1605 784 1664 au
808 1605 894 1692 que
922 1579 1084 1664 ratione
1105 1577 1188 1693 ipsi
1211 1577 1407 1666 codicem

213 1741 639 1830 medicamentarium
663 1751 883 1830 exaratum
907 1770 1002 1829 esse
1025 1741 1167 1830 velint.

321 1905 514 2000 Domum
554 1915 595 1994 et
632 1906 983 1994 nosocomiorum
1006 1903 1408 1994 Vindobcnensium
1461 2029 1464 2032 ᾗ

215 2053 411 2184 Collegia
444 2069 710 2158 medicorum
744 2070 1043 2188 primariorum
1082 2099 1162 2158 neo
1194 2101 1281 2158 uon
1303 2073 1409 2160 Pro-

214 2236 407 2344 fessores
454 2235 527 2352 qui
573 2233 751 2324 diversis
806 2235 970 2322 clinicis
1014 2244 1225 2352 praesunt,
1270 2237 1410 2350 rogati

213 2401 391 2510 fuerunt,
454 2410 498 2486 ut
552 2397 796 2508 indicarent,
854 2427 965 2516 quae
1018 2380 1307 2488 medicamina
1365 2401 1410 2486 in

215 2565 442 2652 elenchum
465 2562 722 2680 recipienda⁷
764 2593 873 2680 quam
919 2562 1154 2652 omittenda
1197 2571 1340 2650 essent
1369 2575 1411 2650 et

215 2759 320 2848 quas
376 2730 709 2846 praesciptiones
764 2738 891 2844 atque
947 2727 1152 2816 formulas
1208 2725 1406 2814 editionis

215 2903 359 2982 sextae
382 2892 670 2983 emendandas
694 2902 925 2981 censerent.

323 3059 567 3148 Relaticues
620 3067 662 3148 ct
700 3058 929 3146 sententias
968 3056 1022 3145 ad
1066 3058 1181 3144 hanc
1217 3085 1309 3142 rem
1354 3085 1408 3141 ex

214 3225 411 3313 omnibus
434 3225 601 3339 imperii
631 3220 820 3340 partibus
855 3221 1018 3312 delatas
1060 3221 1301 3308 Consilium
1330 3249 1406 3336 pro

212 3391 396 3505 negotiis
435 3389 625 3477 sanitatis
665 3416 913 3506 supremum
941 3387 1096 3501 selegit
1128 3393 1171 3472 et
1199 3395 1411 3518 quatenus

212 3555 401 3642 utilitatis
421 3561 463 3642 et
485 3551 681 3669 publicae
705 3553 852 3641 salutis
876 3553 1085 3640 rationem
1108 3547 1405 3667 sequebantur,

212 3718 352 3805 aliove
375 3727 572 3833 respectu
602 3718 974 3833 pharmacopoeae
1014 3715 1145 3802 finem
1167 3743 1218 3802 ac
1246 3712 1404 3798 limites

210 3913 296 3970 non
340 3879 617 3990 excedebant⁷
670 3880 868 3996 Collegio
908 3880 1097 3997 speciali
1141 3879 1196 3966 ad
1242 3907 1405 3965 novum

211 4046 406 4136 codicem
447 4043 796 4162 perscribendum
830 4047 1056 4132 constituto
1096 4043 1318 4151 intimavit,
1360 4055 1406 4127 ut

211 4211 263 4299 de
286 4210 505 4299 desideriis
528 4212 572 4296 in
594 4210 825 4326 prouinciis
854 4208 1099 4324 vigentibus
1140 4207 1340 4296 edoctum
1362 4209 1404 4292 in

211 4406 338 4494 opere
352 4371 651 4491 componendo
666 4403 816 4461 eorum
823 4375 985 4490 justam
1000 4369 1404 4460 rationemhaberet.

319 4539 788 4658 01111110011111610,1111111ι
803 4539 989 4628 editione
1006 4541 1189 4654 septima
1203 4538 1248 4622 in
1262 4538 1404 4624 luceru

209 4704 442 4824 prodeunti,
468 4706 689 4821 sequeutia
711 4703 890 4791 subsunt
911 4703 1126 4820 principia
