3600 5534
725 565 935 640 —101-

229 783 420 858 ammonia
440 784 568 859 addita
581 785 868 879 praecipitatum
889 785 991 858 ducit
1010 807 1055 860 ex
1080 786 1186 860 fusco
1216 787 1371 861 rubrum
1391 795 1428 863 et

229 912 277 983 ad
306 912 562 986 ebullitionem
597 913 784 1003 calefacta,
825 913 1055 988 ammoniam
1093 914 1238 988 emittit.
1283 915 1426 988 Solulio

227 1059 375 1130 aquosa
399 1038 526 1128 diluta,
557 1040 933 1132 lolio-ferrocyanato
963 1042 1141 1133 admixto,
1171 1048 1253 1115 tum
1273 1043 1427 1116 demum

228 1166 513 1260 praecipitatum
545 1168 758 1240 caeruleum
804 1168 925 1258 efficii
974 1191 1092 1262 quum
1129 1170 1267 1243 solutio
1319 1169 1425 1242 acido

228 1293 512 1385 hydrochlorico
547 1292 654 1367 acida
686 1294 786 1367 iacta
818 1295 940 1370 fuerit.
974 1297 1350 1388 Kalio-ferricyanato
1379 1317 1426 1371 ne

228 1426 403 1495 mutetur.

338 1549 482 1624 solutio
511 1571 659 1642 aquosa
690 1549 817 1639 acidis
848 1556 885 1623 et
908 1550 1194 1642 hydrochlorico
1224 1555 1262 1623 ei
1278 1550 1423 1640 nitrien,

228 1677 363 1770 frigore
398 1676 686 1770 praecipitatum
718 1677 860 1752 flavum
892 1678 1005 1768 ducii,
1035 1679 1138 1772 quod
1162 1678 1427 1768 calefaciendo,

228 1806 355 1900 utique
377 1826 478 1898 aqua
497 1803 685 1877 destillala
704 1804 862 1898 adjecta,
882 1827 1017 1879 rursus
1038 1806 1207 1880 solvitur.

338 1933 555 2005 Grammata
588 1934 663 2005 duo
696 1931 812 2024 hnjus
845 1935 1058 2026 praeparati
1089 1934 1278 2006 indecem
1310 1934 1424 2006 centi-

229 2058 357 2132 metris
396 2059 536 2132 cubicis
571 2081 673 2151 aqua
701 2060 836 2149 soluta,
865 2059 999 2133 deinde
1028 2083 1114 2135 cum
1145 2061 1273 2134 decem
1311 2061 1422 2134 centi-

228 2185 355 2260 mebis
390 2187 528 2260 cubicis
562 2187 660 2260 acidi
692 2187 865 2261 sulfurici
899 2187 1005 2260 diluti
1024 2189 1140 2261 mixta
1173 2192 1210 2260 el
1235 2187 1424 2277 calefacta,

229 2313 457 2387 solutionem
474 2314 731 2407 refrigeratam
762 2314 958 2409 limpidam
991 2315 1206 2407 praebeant,
1240 2335 1336 2407 quae
1366 2315 1425 2388 bis

229 2463 314 2515 cum
346 2442 485 2515 vicenis
519 2442 746 2516 centimetns
786 2441 924 2515 cubicis
959 2441 1120 2515 aetheris
1154 2445 1420 2534 conquassata,

229 2569 314 2643 huic
346 2575 492 2662 partem
526 2569 622 2644 acidi
657 2569 772 2643 citrici
804 2570 969 2642 tradunt.
1014 2568 1178 2643 Aethere
1211 2571 1425 2662 evaporato,

228 2696 421 2770 residuum
435 2696 473 2769 iu
487 2697 622 2771 balneo
633 2718 754 2790 aquae
766 2698 949 2770 siccatum
959 2700 995 2769 el
1005 2717 1091 2769 cum
1106 2697 1265 2789 decupla
1276 2695 1423 2788 quanli-

229 2827 303 2896 iate
325 2823 421 2896 acidi
441 2825 608 2898 sullurici
628 2825 856 2898 concontrati
875 2824 916 2896 in
934 2823 1069 2896 balneo
1091 2845 1212 2916 aquae
1241 2822 1290 2896 ad
1314 2823 1389 2893 100
1403 2824 1421 2860 0

230 2949 461 3042 calefactum,
477 2952 704 3026 solutionem
723 2953 860 3025 flavam
876 2952 1066 3045 praebeat,
1089 2972 1185 3044 quae
1196 2950 1268 3024 etsi
1287 2949 1425 3023 diutius

230 3077 411 3151 calefacta
429 3079 593 3152 colorem
612 3101 658 3152 ex
677 3079 784 3152 fusco
798 3079 955 3152 rubrum
969 3079 1185 3152 velluscum
1198 3099 1246 3152 ne
1260 3076 1424 3170 recipiat.

230 3205 372 3280 Soluiio
393 3228 549 3298 aquosa,
571 3205 678 3279 acido
705 3207 836 3280 uitrico
872 3205 1069 3296 acidulala,
1104 3206 1230 3278 addito
1269 3210 1423 3296 agento

229 3333 359 3406 uitrico
380 3332 427 3406 ad
449 3354 640 3407 summum
660 3333 820 3425 vestigia
848 3311 1072 3406 turbationis
1096 3333 1287 3425 praebeat,
1307 3332 1423 3423 baryo

230 3459 360 3533 uitrico
379 3482 427 3534 ne
447 3465 622 3535 mutetur.

335 3587 378 3661 In
416 3592 600 3681 apparatu
635 3586 788 3661 Marshii
834 3587 1088 3660 examinatum
1133 3608 1180 3659 ne
1226 3585 1425 3677 vestigium

229 3715 379 3808 quidem
397 3715 539 3808 speculi
559 3714 718 3788 arsenici
736 3714 880 3808 prodat„

290 4164 510 4273 l'orrnm
536 4161 1012 4308 hydrooxydalnm
1038 4162 1364 4306 diuiysalum

680 4328 962 4469 liquidum.

334 4589 531 4682 Dialyseos
543 4612 614 4683 ope
626 4612 670 4662 ex
680 4591 778 4664 ferro
790 4589 1089 4682 sesquichlorato
1100 4587 1227 4660 basico
1237 4591 1421 4679 paratum,

229 4719 399 4792 exhibeat
418 4718 603 4811 liquorem
622 4717 826 4810 limpidum,
848 4715 984 4789 coloris
1013 4715 1159 4787 intense
1186 4713 1420 4802 1·ubri‚reac·
