3600 5534
710 551 920 623 ..97-

218 791 367 844 macera
386 791 471 842 cum

353 894 473 994 Aquae
493 895 700 974 destinatae
758 897 930 992 qrammis
947 895 1147 992 octinyenlis
1335 897 1413 967 800

219 1045 286 1116 per
306 1024 457 1116 niginta
476 1045 544 1096 sex
563 1023 688 1113 horaS,
708 1028 789 1097 tum
808 1045 929 1116 coque
948 1046 1015 1117 per
1033 1024 1177 1095 horam.

326 1149 568 1244 Refrigeratis
588 1149 755 1223 admisce

356 1274 511 1376 Spiritus
531 1273 609 1353 vn!
629 1275 851 1354 consentini
903 1284 1103 1373 qrammata
1122 1276 1276 1348 ducenta.
1335 1279 1413 1349 200

327 1404 434 1478 Sient
451 1427 519 1498 per
552 1405 680 1497 viginti
709 1411 871 1498 quatuor
903 1406 1019 1478 horas
1047 1406 1130 1478 loeo
1164 1405 1300 1499 tepide,
1334 1409 1415 1478 tum

216 1531 311 1621 cola,
342 1533 505 1625 exprime
541 1537 578 1604 et
605 1532 711 1604 filtra.
749 1532 950 1624 Liquorem
979 1532 1173 1605 obtentum
1204 1531 1245 1604 in
1276 1532 1413 1604 balneo

216 1681 340 1751 aquae
361 1659 408 1732 ad
427 1661 577 1752 pondus

711 1776 947 1866 yrnmmntum
967 1775 1098 1841 centmn
1120 1770 1289 1866 octoyinia
1335 1770 1410 1841 180

218 1903 466 1989 evaporaium
483 1902 520 1970 et
538 1897 796 1990 refrigeratum
813 1898 932 1970 misce
953 1918 1039 1970 cum

353 2019 509 2124 Spiritus
529 2020 604 2099 vni
625 2021 850 2100 consentiae
896 2023 1067 2120 qrammis
1085 2025 1219 2120 niniati,
1359 2029 1410 2097 020

216 2157 298 2224 tum
316 2173 382 2246 per
401 2151 598 2224 duodecim
619 2152 732 2223 horas
753 2152 962 2245 sepositum
982 2152 1092 2224 filtra.

481 2546 792 2656 Extinctum
820 2545 1137 2656 Ratanhiae.

324 2772 481 2845 Paretur
500 2793 519 2845 e
538 2771 680 2844 Radiee
699 2771 910 2844 Ratanhiae
940 2771 1111 2844 minutim
1141 2777 1300 2845 contusa
1328 2793 1413 2844 cum

215 2918 317 2989 aqua
346 2897 533 2970 destillata
551 2903 592 2970 ut
617 2897 831 2970 Extractum
852 2897 1069 2985 Gentianae,
1103 2898 1344 2990 evaporando
1365 2898 1412 2970 ad

215 3026 368 3099 siceum.

216 3348 529 3456 lixiraeium
573 3349 809 3458 Rhamni
848 3349 1138 3457 Purshiani
1172 3350 1411 3458 fluidum.

365 3561 610 3640 Extinctum
635 3558 835 3640 Oasearae
858 3561 1058 3664 sagradae
1080 3560 1260 3638 fluidum.

326 3753 483 3828 Paretur
536 3776 556 3827 e
595 3755 750 3828 Corticis
785 3755 951 3828 Rhamni
989 3754 1191 3828 Purshiani
1229 3756 1411 3848 pulverati

213 3883 394 3974 grammis
416 3889 566 3956 centum
586 3905 672 3957 cum
691 3884 871 3976 Magnesii
901 3885 1051 3976 oxydaii
1073 3884 1253 3976 grammis
1279 3885 1409 3958 decem

212 4009 342 4082 intime
357 4010 483 4084 mixtis
503 4017 546 4083 ut
565 4011 782 4086 Extractum
800 4012 1050 4105 Hydrastidis

566 4385 880 4496 Extraetnm
909 4387 1058 4496 iihei.

322 4590 477 4665 Paretur
496 4614 515 4664 e
535 4593 675 4668 Radice
695 4593 793 4667 Rhei
813 4598 973 4666 contusa
990 4615 1077 4668 cum
1098 4615 1198 4687 aqua
1222 4595 1411 4668 destillata

212 4725 255 4793 ut
274 4721 491 4794 Extremum
511 4722 699 4796 Centaurii
718 4723 883 4796 minoris
905 4723 1136 4816 Evaporetur
1155 4723 1203 4794 ad
1222 4723 1372 4796 siecum.

267 4839 463 4897 mmmm.
1177 4866 1192 4918 7
