3600 5534
829 548 1072 621 -16es-

354 770 453 842 ssavo
474 770 596 841 colore
615 768 735 860 tingit.
764 768 908 841 Salutio
937 788 1091 859 aquosa,
1112 766 1239 840 addito
1273 765 1380 839 acido
1411 765 1554 837 acetico

357 897 485 989 diluta,
505 897 756 969 sedimentum
776 895 936 969 demittit
950 894 1087 983 album,
1110 894 1376 985 crystallinum,
1392 893 1430 964 in
1446 893 1553 966 acido

357 1024 642 1117 hydrochlorico
661 1046 731 1104 nec
759 1047 837 1097 nun
870 1025 911 1096 in
943 1024 1128 1096 solutione
1162 1023 1249 1096 kalii
1282 1021 1555 1114 hydrooxydati

358 1152 528 1243 solubile.

467 1279 610 1352 Solutio
630 1300 776 1371 aquosa
793 1300 863 1351 nec
884 1300 983 1369 aqua
998 1277 1310 1369 lrydrosulsurata
1327 1298 1396 1351 nec
1412 1299 1554 1349 ammo-

357 1407 420 1480 nio
440 1406 632 1496 sulfural0,
657 1426 727 1479 nec
747 1406 937 1479 ammonio
958 1405 1113 1495 oxalico,
1133 1428 1278 1497 necque
1299 1405 1426 1478 addito
1449 1406 1555 1476 acido

358 1533 642 1626 hydrochlorico
684 1535 800 1626 baryo
830 1532 961 1606 uitrico
991 1538 1170 1620 mutetur;
1206 1554 1276 1625 ope
1307 1532 1403 1606 acidi
1436 1532 1556 1605 uitrici

358 1662 546 1735 acidulata
578 1665 731 1753 argento
769 1660 901 1734 nitrico
940 1659 1087 1751 adjecto
1125 1661 1385 1733 tantummodo
1424 1660 1557 1732 leniter

358 1789 548 1863 lactescat.

469 1916 531 1988 Sal
569 1938 654 1988 cum
691 1915 877 1988 solutione
921 1916 1007 1988 kalii
1045 1916 1317 2006 hydrouxyduti
1356 1914 1556 1988 calefactus

360 2044 589 2117 ammoniam
608 2066 656 2116 ne
676 2044 830 2116 emittat.
1349 2024 1352 2027 Δ

469 2170 592 2243 Puluis
612 2172 822 2266 nicophorus
842 2170 1086 2243 Scidlitzensia

705 2493 921 2604 llalium
941 2495 1213 2603 uitricum.

741 2724 900 2803 Nitrum
926 2726 1177 2827 depuratum.

470 2919 598 2992 Pulvis
610 2918 847 3010 crystallinus
857 2919 916 2992 vel
927 2918 1089 3009 crystalli
1103 2916 1341 3009 prismalicae
1353 2918 1560 3006 decolores

361 3050 399 3121 in
420 3055 506 3120 aere
526 3047 780 3137 persistentes
802 3067 903 3137 aqua
921 3044 1090 3120 bullienti
1110 3045 1283 3118 facillime
1304 3046 1495 3117 solubiles.

472 3173 616 3247 Solutio
636 3196 792 3270 aquosa,
814 3173 922 3247 acido
940 3171 1115 3245 tartarico
1146 3172 1283 3260 addim,
1308 3173 1560 3246 sedimenlum

365 3304 493 3376 album
504 3300 760 3394 crystallinum
772 3300 942 3389 demittit,
953 3299 1084 3372 eadem
1097 3298 1243 3390 adjecto
1254 3301 1352 3373 ferro
1363 3302 1561 3393 pulverato

365 3436 402 3503 et
420 3428 527 3501 acido
552 3428 729 3501 sulmrico
754 3431 996 3501 concentrato
1030 3449 1189 3519 vapores
1216 3428 1382 3500 nitrosos
1413 3428 1560 3516 evolvit,

366 3557 476 3630 simul
497 3578 542 3628 ac
561 3556 684 3647 liquor
705 3555 828 3627 colore
848 3556 953 3646 nigro
973 3554 1080 3627 lusco
1101 3555 1271 3627 inlicitur.

374 3694 377 3699 ’
474 3682 615 3756 Solutio
635 3703 783 3775 aquosa
801 3704 871 3754 nec
890 3703 990 3773 aqua
1009 3682 1326 3773 hydrosullurata,
1356 3704 1424 3755 nec
1444 3683 1559 3773 baryn

365 3812 495 3885 uitrico
514 3813 691 3899 mutetur,
712 3813 867 3901 argento
888 3808 1018 3882 uitrico
1039 3809 1100 3883 vix
1120 3808 1299 3881 turbetur.

675 4167 888 4278 llalium
915 4169 1262 4278 sulfuratum.

690 4398 832 4499 Hepar
855 4399 1018 4478 sulfuris
1041 4399 1231 4478 kalinum.

365 4600 466 4691 Rpe:
498 4593 656 4671 Sulilrls
675 4591 846 4693 deputati
902 4602 1102 4691 qrcnrmutn
1123 4596 1381 4691 quinquaqinta
1512 4598 1561 4667 50

502 4717 796 4801 llnlllmrbmicl
812 4720 895 4822 puri
950 4729 1148 4820 qrurnumta
1168 4728 1309 4794 aarum.
1487 4722 1562 4793 100
