3600 5534
690 579 932 660 -ltr-

219 737 221 742 ¹
288 806 653 915 mecm
688 800 1319 938 coenomanico.

317 1006 485 1078 citi-ullus
512 1006 726 1102 Colocynlbis
749 1006 1012 1096 Schrader,
1043 1006 1171 1098 planta
1197 1025 1335 1093 annua,
1365 1005 1403 1077 in

203 1135 353 1224 regione
384 1134 665 1223 mediterranea,
694 1135 819 1208 Africa
847 1134 992 1226 tropica
1021 1139 1057 1204 et
1076 1132 1167 1204 Asia
1185 1133 1401 1205 occidentali

205 1262 436 1354 indigenaet
454 1262 599 1354 passim
620 1263 728 1335 culta.
754 1260 1033 1333 Cncmditoceae.

312 1389 456 1461 Baccae
471 1392 642 1462 maturae
656 1389 823 1478 siccatae,
836 1389 883 1460 ab
899 1388 1091 1480 epicarpio
1107 1388 1288 1475 coriaceo,
1302 1388 1402 1458 luteo

205 1517 393 1605 liberatae,
405 1515 671 1607 magnitudinis
681 1515 864 1604 durantii,
875 1515 1066 1607 globosae,
1076 1515 1191 1606 pulpa
1202 1514 1403 1602 levissima,

204 1665 375 1732 exsucca,
405 1644 620 1736 spongiosa,
650 1641 989 1730 subflavido-alba,
1025 1642 1279 1729 amarissima,
1317 1663 1401 1714 sex-

204 1771 400 1858 loeulatae,
430 1770 467 1842 in
493 1772 657 1844 sectione
686 1776 903 1843 transversa
923 1791 1016 1842 cavo
1037 1770 1190 1842 centrali
1209 1768 1402 1841 triradiato

204 1899 341 1986 hiante,
358 1897 443 1970 inde
454 1897 625 1970 facillime
637 1897 857 1970 secedentes
869 1897 906 1967 in
918 1896 990 1969 tria
1005 1902 1201 1988 segmenta
1216 1897 1401 1968 verticalia

206 2024 418 2113 hiloculata,
439 2025 598 2117 plurima
619 2025 764 2097 semina
784 2029 904 2098 ovata
926 2046 1152 2116 compressa,
1168 2045 1245 2096 uon
1265 2024 1399 2114 margi·

206 2157 302 2240 nata,
321 2151 489 2240 nitidula,
505 2153 675 2225 eolorise
698 2151 875 2224 subviridi
895 2152 1141 2224 luscescentis
1162 2151 1399 2223 continentia.

314 2279 526 2352 Seminibus
547 2280 701 2352 remotis
722 2279 979 2350 adhibeantur.

315 2405 528 2478 detractam.

524 2731 749 2838 llructus
779 2728 1083 2838 coriandri.

321 2952 555 3026 Cmdrndrum
584 2956 735 3026 sativum
763 2953 898 3046 Lirin,
914 2956 1057 3046 ¹planta
1085 2975 1218 3048 annua*
1232 2953 1402 3044 Europae

209 3080 392 3170 australia,
414 3082 514 3174 apud
533 3103 603 3154 nos
625 3083 733 3154 culta.
762 3080 1009 3176 Umbellifoae.

317 3207 578 3303 Schizocarpia
610 3210 720 3302 plane
750 3214 897 3282 matura
925 3209 1074 3282 siccata.
1100 3211 1274 3300 globosa,
1302 3209 1403 3281 intus

208 3356 309 3422 cava,
323 3336 447 3428 calyce
464 3337 781 3428 quinquedentato
794 3343 984 3423 coronata,
997 3343 1157 3428 quatuor
1173 3337 1220 3410 ad
1235 3336 1401 3427 quinquo

206 3462 413 3536 millimotra
427 3463 466 3535 in
480 3464 674 3552 diametro,
687 3464 912 3536 ochroleuca
926 3465 983 3536 vel
1000 3465 1260 3552 luscescentia‚
1271 3464 1401 3552 laevia,

206 3589 344 3678 glabra,
355 3591 393 3662 in
404 3590 687 3663 ambitudecem
699 3591 810 3663 costis
817 3591 1004 3683 primariis
1016 3591 1214 3683 depressis,
1225 3591 1401 3663 flexuosis

205 3720 240 3787 et
255 3717 366 3789 tantis
382 3718 496 3790 costis
514 3717 748 3791 secundariis
764 3719 1076 3810 prominentibus,
1098 3718 1284 3804 carinatis
1304 3717 1402 3789 vittis

206 3842 302 3915 inter
321 3851 445 3917 costas
470 3846 592 3932 nullis,
618 3846 653 3917 in
676 3846 927 3917 commissura
948 3846 1115 3936 geminis
1146 3844 1271 3917 odoris
1300 3851 1402 3934 grate

208 3971 411 4059 aromatici,
431 3973 577 4065 saporis
599 3973 800 4060 aromatici,
823 3973 1026 4045 subdulcis⁸

314 4098 417 4193 Aqua
437 4101 676 4173 carminatiao.
699 4099 856 4194 Spiritus
876 4101 1100 4171 aromaticus

541 4424 768 4531 Fructus
796 4423 1066 4531 (lubebao.

313 4625 422 4721 Piper
455 4625 589 4699 Cobedo
617 4629 741 4701 Linn.
774 4629 833 4722 fil,
863 4631 984 4703 frutex
1007 4631 1192 4702 scandens
1212 4630 1250 4700 in
1272 4630 1401 4701 insulis

210 4751 298 4824 Java
319 4758 355 4825 et
374 4754 551 4826 Sumaha
570 4762 800 4850 spontaneus
822 4763 858 4829 et
878 4757 1009 4830 cultus.
1030 4757 1249 4852 Piperacene.
